@ARTICLE{1996ApJ...464..523H,
       author = {{Haiman}, Zoltan and {Thoul}, Anne A. and {Loeb}, Abraham},
        title = "{Cosmological Formation of Low-Mass Objects}",
      journal = {\apj},
     keywords = {COSMOLOGY: THEORY, COSMOLOGY: EARLY UNIVERSE, GALAXIES: FORMATION, HYDRODYNAMICS, Astrophysics},
         year = 1996,
        month = jun,
       volume = {464},
        pages = {523},
          doi = {10.1086/177343},
archivePrefix = {arXiv},
       eprint = {astro-ph/9507111},
 primaryClass = {astro-ph},
       adsurl = {https://ui.adsabs.harvard.edu/abs/1996ApJ...464..523H},
      adsnote = {Provided by the SAO/NASA Astrophysics Data System}
}

@ARTICLE{1997ApJ...474....1T,
       author = {{Tegmark}, Max and {Silk}, Joseph and {Rees}, Martin J. and {Blanchard}, Alain and {Abel}, Tom and {Palla}, Francesco},
        title = "{How Small Were the First Cosmological Objects?}",
      journal = {\apj},
     keywords = {COSMOLOGY: THEORY, COSMOLOGY: EARLY UNIVERSE, GALAXIES: FORMATION, Astrophysics},
         year = 1997,
        month = jan,
       volume = {474},
        pages = {1},
          doi = {10.1086/303434},
archivePrefix = {arXiv},
       eprint = {astro-ph/9603007},
 primaryClass = {astro-ph},
       adsurl = {https://ui.adsabs.harvard.edu/abs/1997ApJ...474....1T},
      adsnote = {Provided by the SAO/NASA Astrophysics Data System}
}

@ARTICLE{1969MNRAS.144..425P,
       author = {{Penston}, M.~V.},
        title = "{Dynamics of self-gravitating gaseous spheres-III. Analytical results in the free-fall of isothermal cases}",
      journal = {\mnras},
         year = 1969,
        month = jan,
       volume = {144},
        pages = {425},
          doi = {10.1093/mnras/144.4.425},
       adsurl = {https://ui.adsabs.harvard.edu/abs/1969MNRAS.144..425P},
      adsnote = {Provided by the SAO/NASA Astrophysics Data System}
}

@ARTICLE{1969MNRAS.145..271L,
       author = {{Larson}, Richard B.},
        title = "{Numerical calculations of the dynamics of collapsing proto-star}",
      journal = {\mnras},
         year = 1969,
        month = jan,
       volume = {145},
        pages = {271},
          doi = {10.1093/mnras/145.3.271},
       adsurl = {https://ui.adsabs.harvard.edu/abs/1969MNRAS.145..271L},
      adsnote = {Provided by the SAO/NASA Astrophysics Data System}
}

@ARTICLE{2001ApJ...561L..55O,
       author = {{Omukai}, Kazuyuki and {Palla}, Francesco},
        title = "{On the Formation of Massive Primordial Stars}",
      journal = {\apjl},
     keywords = {Cosmology: Theory, Cosmology: Early Universe, Stars: Formation, Stars: Pre-Main-Sequence},
         year = 2001,
        month = nov,
       volume = {561},
       number = {1},
        pages = {L55-L58},
          doi = {10.1086/324410},
       adsurl = {https://ui.adsabs.harvard.edu/abs/2001ApJ...561L..55O},
      adsnote = {Provided by the SAO/NASA Astrophysics Data System}
}

@ARTICLE{2013A&A...558A..59S,
       author = {{Schleicher}, Dominik R.~G. and {Palla}, Francesco and {Ferrara}, Andrea and {Galli}, Daniele and {Latif}, Muhammad},
        title = "{Massive black hole factories: Supermassive and quasi-star formation in primordial halos}",
      journal = {\aap},
     keywords = {cosmology: theory, dark ages, reionization, first stars, stars: protostars, stars: formation, Astrophysics - Cosmology and Nongalactic Astrophysics},
         year = 2013,
        month = oct,
       volume = {558},
          eid = {A59},
        pages = {A59},
          doi = {10.1051/0004-6361/201321949},
archivePrefix = {arXiv},
       eprint = {1305.5923},
 primaryClass = {astro-ph.CO},
       adsurl = {https://ui.adsabs.harvard.edu/abs/2013A&A...558A..59S},
      adsnote = {Provided by the SAO/NASA Astrophysics Data System}
}

@ARTICLE{2015MNRAS.452..755S,
       author = {{Sakurai}, Y. and {Hosokawa}, T. and {Yoshida}, N. and {Yorke}, H.~W.},
        title = "{Formation of primordial supermassive stars by burst accretion}",
      journal = {\mnras},
     keywords = {stars: formation, galaxies: formation, cosmology: theory, early Universe, Astrophysics - Solar and Stellar Astrophysics},
         year = 2015,
        month = sep,
       volume = {452},
       number = {1},
        pages = {755-764},
          doi = {10.1093/mnras/stv1346},
archivePrefix = {arXiv},
       eprint = {1505.03954},
 primaryClass = {astro-ph.SR},
       adsurl = {https://ui.adsabs.harvard.edu/abs/2015MNRAS.452..755S},
      adsnote = {Provided by the SAO/NASA Astrophysics Data System}
}

@ARTICLE{2018MNRAS.474.2757H,
       author = {{Haemmerl{\'e}}, Lionel and {Woods}, T.~E. and {Klessen}, Ralf S. and {Heger}, Alexander and {Whalen}, Daniel J.},
        title = "{The evolution of supermassive Population III stars}",
      journal = {\mnras},
     keywords = {stars: massive, stars: Population III, galaxies: high-redshift, dark ages, reionization, first stars, early Universe, Astrophysics - Solar and Stellar Astrophysics},
         year = 2018,
        month = feb,
       volume = {474},
       number = {2},
        pages = {2757-2773},
          doi = {10.1093/mnras/stx2919},
archivePrefix = {arXiv},
       eprint = {1705.09301},
 primaryClass = {astro-ph.SR},
       adsurl = {https://ui.adsabs.harvard.edu/abs/2018MNRAS.474.2757H},
      adsnote = {Provided by the SAO/NASA Astrophysics Data System}
}


@ARTICLE{2016MNRAS.459.1137S,
       author = {{Sakurai}, Y. and {Vorobyov}, E.~I. and {Hosokawa}, T. and {Yoshida}, N. and {Omukai}, K. and {Yorke}, H.~W.},
        title = "{Supermassive star formation via episodic accretion: protostellar disc instability and radiative feedback efficiency}",
      journal = {\mnras},
     keywords = {stars: formation, galaxies: formation, cosmology: theory, early Universe, Astrophysics - Solar and Stellar Astrophysics, Astrophysics - Astrophysics of Galaxies},
         year = 2016,
        month = jun,
       volume = {459},
       number = {2},
        pages = {1137-1145},
          doi = {10.1093/mnras/stw637},
archivePrefix = {arXiv},
       eprint = {1511.06080},
 primaryClass = {astro-ph.SR},
       adsurl = {https://ui.adsabs.harvard.edu/abs/2016MNRAS.459.1137S},
      adsnote = {Provided by the SAO/NASA Astrophysics Data System}
}

@ARTICLE{2016PhRvD..94b1501S,
       author = {{Shibata}, Masaru and {Sekiguchi}, Yuichiro and {Uchida}, Haruki and {Umeda}, Hideyuki},
        title = "{Gravitational waves from supermassive stars collapsing to a supermassive black hole}",
      journal = {\prd},
     keywords = {Astrophysics - High Energy Astrophysical Phenomena, General Relativity and Quantum Cosmology},
         year = 2016,
        month = jul,
       volume = {94},
       number = {2},
          eid = {021501},
        pages = {021501},
          doi = {10.1103/PhysRevD.94.021501},
archivePrefix = {arXiv},
       eprint = {1606.07147},
 primaryClass = {astro-ph.HE},
       adsurl = {https://ui.adsabs.harvard.edu/abs/2016PhRvD..94b1501S},
      adsnote = {Provided by the SAO/NASA Astrophysics Data System}
}

@ARTICLE{2017ApJ...842L...6W,
       author = {{Woods}, T.~E. and {Heger}, Alexander and {Whalen}, Daniel J. and {Haemmerl{\'e}}, Lionel and {Klessen}, Ralf S.},
        title = "{On the Maximum Mass of Accreting Primordial Supermassive Stars}",
      journal = {\apjl},
     keywords = {cosmology: theory, dark ages, reionization, first stars, early universe, galaxies: high-redshift, stars: massive, stars: Population III, Astrophysics - Solar and Stellar Astrophysics, Astrophysics - Cosmology and Nongalactic Astrophysics, Astrophysics - Astrophysics of Galaxies, Astrophysics - High Energy Astrophysical Phenomena},
         year = 2017,
        month = jun,
       volume = {842},
       number = {1},
          eid = {L6},
        pages = {L6},
          doi = {10.3847/2041-8213/aa7412},
archivePrefix = {arXiv},
       eprint = {1703.07480},
 primaryClass = {astro-ph.SR},
       adsurl = {https://ui.adsabs.harvard.edu/abs/2017ApJ...842L...6W},
      adsnote = {Provided by the SAO/NASA Astrophysics Data System}
}

@ARTICLE{2019PASA...36...27W,
       author = {{Woods}, Tyrone E. and {Agarwal}, Bhaskar and {Bromm}, Volker and {Bunker}, Andrew and {Chen}, Ke-Jung and {Chon}, Sunmyon and {Ferrara}, Andrea and {Glover}, Simon C.~O. and {Haemmerl{\'e}}, Lionel and {Haiman}, Zolt{\'a}n and {Hartwig}, Tilman and {Heger}, Alexander and {Hirano}, Shingo and {Hosokawa}, Takashi and {Inayoshi}, Kohei and {Klessen}, Ralf S. and {Kobayashi}, Chiaki and {Koliopanos}, Filippos and {Latif}, Muhammad A. and {Li}, Yuexing and {Mayer}, Lucio and {Mezcua}, Mar and {Natarajan}, Priyamvada and {Pacucci}, Fabio and {Rees}, Martin J. and {Regan}, John A. and {Sakurai}, Yuya and {Salvadori}, Stefania and {Schneider}, Raffaella and {Surace}, Marco and {Tanaka}, Takamitsu L. and {Whalen}, Daniel J. and {Yoshida}, Naoki},
        title = "{Titans of the early Universe: The Prato statement on the origin of the first supermassive black holes}",
      journal = {\pasa},
     keywords = {first stars, quasars: supermassive black holes, high-redshift, Population III, massive, binaries, Astrophysics - Astrophysics of Galaxies, Astrophysics - High Energy Astrophysical Phenomena, Astrophysics - Solar and Stellar Astrophysics},
         year = 2019,
        month = aug,
       volume = {36},
          eid = {e027},
        pages = {e027},
          doi = {10.1017/pasa.2019.14},
archivePrefix = {arXiv},
       eprint = {1810.12310},
 primaryClass = {astro-ph.GA},
       adsurl = {https://ui.adsabs.harvard.edu/abs/2019PASA...36...27W},
      adsnote = {Provided by the SAO/NASA Astrophysics Data System}
}

@ARTICLE{2008ApJ...681..771M,
       author = {{McKee}, Christopher F. and {Tan}, Jonathan C.},
        title = "{The Formation of the First Stars. II. Radiative Feedback Processes and Implications for the Initial Mass Function}",
      journal = {\apj},
     keywords = {cosmology: theory, early universe, stars: formation, Astrophysics},
         year = 2008,
        month = jul,
       volume = {681},
       number = {2},
        pages = {771-797},
          doi = {10.1086/587434},
archivePrefix = {arXiv},
       eprint = {0711.1377},
 primaryClass = {astro-ph},
       adsurl = {https://ui.adsabs.harvard.edu/abs/2008ApJ...681..771M},
      adsnote = {Provided by the SAO/NASA Astrophysics Data System}
}

@ARTICLE{2011Sci...334.1250H,
       author = {{Hosokawa}, Takashi and {Omukai}, Kazuyuki and {Yoshida}, Naoki and {Yorke}, Harold W.},
        title = "{Protostellar Feedback Halts the Growth of the First Stars in the Universe}",
      journal = {Science},
     keywords = {ASTRONOMY, Astrophysics - Cosmology and Nongalactic Astrophysics, Astrophysics - Solar and Stellar Astrophysics},
         year = 2011,
        month = dec,
       volume = {334},
       number = {6060},
        pages = {1250},
          doi = {10.1126/science.1207433},
archivePrefix = {arXiv},
       eprint = {1111.3649},
 primaryClass = {astro-ph.CO},
       adsurl = {https://ui.adsabs.harvard.edu/abs/2011Sci...334.1250H},
      adsnote = {Provided by the SAO/NASA Astrophysics Data System}
}

@ARTICLE{2013ApJ...773..155T,
       author = {{Tanaka}, Kei E.~I. and {Nakamoto}, Taishi and {Omukai}, Kazuyuki},
        title = "{Photoevaporation of Circumstellar Disks Revisited: The Dust-free Case}",
      journal = {\apj},
     keywords = {accretion, accretion disks, H II regions, protoplanetary disks, radiative transfer, stars: formation, stars: massive, stars: Population III, Astrophysics - Solar and Stellar Astrophysics},
         year = 2013,
        month = aug,
       volume = {773},
       number = {2},
          eid = {155},
        pages = {155},
          doi = {10.1088/0004-637X/773/2/155},
archivePrefix = {arXiv},
       eprint = {1306.6623},
 primaryClass = {astro-ph.SR},
       adsurl = {https://ui.adsabs.harvard.edu/abs/2013ApJ...773..155T},
      adsnote = {Provided by the SAO/NASA Astrophysics Data System}
}

@ARTICLE{2012ApJ...750...66J,
       author = {{Johnson}, Jarrett L. and {Whalen}, Daniel J. and {Fryer}, Chris L. and {Li}, Hui},
        title = "{The Growth of the Stellar Seeds of Supermassive Black Holes}",
      journal = {\apj},
     keywords = {accretion, accretion disks, cosmology: theory, early universe, galaxies: formation, H II regions, stars: formation, Astrophysics - Cosmology and Nongalactic Astrophysics},
         year = 2012,
        month = may,
       volume = {750},
       number = {1},
          eid = {66},
        pages = {66},
          doi = {10.1088/0004-637X/750/1/66},
archivePrefix = {arXiv},
       eprint = {1112.2726},
 primaryClass = {astro-ph.CO},
       adsurl = {https://ui.adsabs.harvard.edu/abs/2012ApJ...750...66J},
      adsnote = {Provided by the SAO/NASA Astrophysics Data System}
}

@ARTICLE{2010ApJ...714.1217B,
       author = {{Belczynski}, Krzysztof and {Bulik}, Tomasz and {Fryer}, Chris L. and {Ruiter}, Ashley and {Valsecchi}, Francesca and {Vink}, Jorick S. and {Hurley}, Jarrod R.},
        title = "{On the Maximum Mass of Stellar Black Holes}",
      journal = {\apj},
     keywords = {binaries: close, black hole physics, gravitational waves, stars: evolution, stars: neutron, Astrophysics - Solar and Stellar Astrophysics, Astrophysics - High Energy Astrophysical Phenomena},
         year = 2010,
        month = may,
       volume = {714},
       number = {2},
        pages = {1217-1226},
          doi = {10.1088/0004-637X/714/2/1217},
archivePrefix = {arXiv},
       eprint = {0904.2784},
 primaryClass = {astro-ph.SR},
       adsurl = {https://ui.adsabs.harvard.edu/abs/2010ApJ...714.1217B},
      adsnote = {Provided by the SAO/NASA Astrophysics Data System}
}

@ARTICLE{2015MNRAS.451.4086S,
       author = {{Spera}, Mario and {Mapelli}, Michela and {Bressan}, Alessandro},
        title = "{The mass spectrum of compact remnants from the PARSEC stellar evolution tracks}",
      journal = {\mnras},
     keywords = {black hole physics, methods: numerical, stars: evolution, stars: mass-loss, stars: neutron, Astrophysics - Solar and Stellar Astrophysics},
         year = 2015,
        month = aug,
       volume = {451},
       number = {4},
        pages = {4086-4103},
          doi = {10.1093/mnras/stv1161},
archivePrefix = {arXiv},
       eprint = {1505.05201},
 primaryClass = {astro-ph.SR},
       adsurl = {https://ui.adsabs.harvard.edu/abs/2015MNRAS.451.4086S},
      adsnote = {Provided by the SAO/NASA Astrophysics Data System}
}

@ARTICLE{2003ApJ...591..288H,
       author = {{Heger}, A. and {Fryer}, C.~L. and {Woosley}, S.~E. and {Langer}, N. and {Hartmann}, D.~H.},
        title = "{How Massive Single Stars End Their Life}",
      journal = {\apj},
     keywords = {Black Hole Physics, Gamma Rays: Bursts, Stars: Early-Type, Stars: Neutron, Stars: Supernovae: General, Astrophysics},
         year = 2003,
        month = jul,
       volume = {591},
       number = {1},
        pages = {288-300},
          doi = {10.1086/375341},
archivePrefix = {arXiv},
       eprint = {astro-ph/0212469},
 primaryClass = {astro-ph},
       adsurl = {https://ui.adsabs.harvard.edu/abs/2003ApJ...591..288H},
      adsnote = {Provided by the SAO/NASA Astrophysics Data System}
}

@ARTICLE{2002ApJ...578...90F,
       author = {{Ferrarese}, Laura},
        title = "{Beyond the Bulge: A Fundamental Relation between Supermassive Black Holes and Dark Matter Halos}",
      journal = {\apj},
     keywords = {Black Hole Physics, Cosmology: Dark Matter, Galaxies: Halos, Galaxies: Nuclei, Astrophysics},
         year = 2002,
        month = oct,
       volume = {578},
       number = {1},
        pages = {90-97},
          doi = {10.1086/342308},
archivePrefix = {arXiv},
       eprint = {astro-ph/0203469},
 primaryClass = {astro-ph},
       adsurl = {https://ui.adsabs.harvard.edu/abs/2002ApJ...578...90F},
      adsnote = {Provided by the SAO/NASA Astrophysics Data System}
}

@ARTICLE{2013ApJ...773...44W,
       author = {{Wang}, Ran and {Wagg}, Jeff and {Carilli}, Chris L. and {Walter}, Fabian and {Lentati}, Lindley and {Fan}, Xiaohui and {Riechers}, Dominik A. and {Bertoldi}, Frank and {Narayanan}, Desika and {Strauss}, Michael A. and {Cox}, Pierre and {Omont}, Alain and {Menten}, Karl M. and {Knudsen}, Kirsten K. and {Neri}, Roberto and {Jiang}, Linhua},
        title = "{Star Formation and Gas Kinematics of Quasar Host Galaxies at z \raisebox{-0.5ex}\textasciitilde 6: New Insights from ALMA}",
      journal = {\apj},
     keywords = {galaxies: evolution, galaxies: high-redshift, galaxies: starburst, quasars: general, submillimeter: galaxies, Astrophysics - Cosmology and Nongalactic Astrophysics},
         year = 2013,
        month = aug,
       volume = {773},
       number = {1},
          eid = {44},
        pages = {44},
          doi = {10.1088/0004-637X/773/1/44},
archivePrefix = {arXiv},
       eprint = {1302.4154},
 primaryClass = {astro-ph.CO},
       adsurl = {https://ui.adsabs.harvard.edu/abs/2013ApJ...773...44W},
      adsnote = {Provided by the SAO/NASA Astrophysics Data System}
}



@ARTICLE{2000MNRAS.311..576K,
       author = {{Kauffmann}, Guinevere and {Haehnelt}, Martin},
        title = "{A unified model for the evolution of galaxies and quasars}",
      journal = {\mnras},
     keywords = {BLACK HOLE PHYSICS, GALAXIES: FORMATION, GALAXIES: NUCLEI, QUASARS: GENERAL, Astrophysics},
         year = 2000,
        month = jan,
       volume = {311},
       number = {3},
        pages = {576-588},
          doi = {10.1046/j.1365-8711.2000.03077.x},
archivePrefix = {arXiv},
       eprint = {astro-ph/9906493},
 primaryClass = {astro-ph},
       adsurl = {https://ui.adsabs.harvard.edu/abs/2000MNRAS.311..576K},
      adsnote = {Provided by the SAO/NASA Astrophysics Data System}
}

@ARTICLE{2002Sci...295...93A,
       author = {{Abel}, Tom and {Bryan}, Greg L. and {Norman}, Michael L.},
        title = "{The Formation of the First Star in the Universe}",
      journal = {Science},
     keywords = {ASTRONOMY, Astrophysics},
         year = 2002,
        month = jan,
       volume = {295},
       number = {5552},
        pages = {93-98},
          doi = {10.1126/science.295.5552.93},
archivePrefix = {arXiv},
       eprint = {astro-ph/0112088},
 primaryClass = {astro-ph},
       adsurl = {https://ui.adsabs.harvard.edu/abs/2002Sci...295...93A},
      adsnote = {Provided by the SAO/NASA Astrophysics Data System}
}

@ARTICLE{2006ApJ...652....6Y,
       author = {{Yoshida}, Naoki and {Omukai}, Kazuyuki and {Hernquist}, Lars and {Abel}, Tom},
        title = "{Formation of Primordial Stars in a {\ensuremath{\Lambda}}CDM Universe}",
      journal = {\apj},
     keywords = {Cosmology: Theory, Cosmology: Early Universe, Galaxies: Formation, Stars: Formation, Astrophysics},
         year = 2006,
        month = nov,
       volume = {652},
       number = {1},
        pages = {6-25},
          doi = {10.1086/507978},
archivePrefix = {arXiv},
       eprint = {astro-ph/0606106},
 primaryClass = {astro-ph},
       adsurl = {https://ui.adsabs.harvard.edu/abs/2006ApJ...652....6Y},
      adsnote = {Provided by the SAO/NASA Astrophysics Data System}
}


@ARTICLE{2019BAAS...51c.121F,
       author = {{Fan}, Xiaohui and {Barth}, Aaron and {Banados}, Eduardo and {De Rosa}, Gisella and {Decarli}, Roberto and {Eilers}, Anna-Christina and {Farina}, Emanuele Paolo and {Greene}, Jenny and {Habouzit}, Melanie and {Jiang}, Linhua and {Jun}, Hyunsung D. and {Koekemoer}, Anton and {Malhotra}, Saengeeta and {Mazzucchelli}, Chiara and {Pacucci}, Fabio and {Rhoads}, James and {Riechers}, Dominik and {Rigby}, Jane and {Shen}, Yue and {Simcoe}, Robert A. and {Stern}, Dan and {Strauss}, Michael A. and {Treu}, Tommaso and {Venemans}, Bram and {Vestergaard}, Marianne and {Volonteri}, Marta and {Walter}, Fabian and {Yang}, Jinyi and {Wang}, Feige},
        title = "{The First Luminous Quasars and Their Host Galaxies}",
      journal = {\baas},
     keywords = {Astrophysics - Astrophysics of Galaxies},
         year = 2019,
        month = may,
       volume = {51},
       number = {3},
          eid = {121},
        pages = {121},
archivePrefix = {arXiv},
       eprint = {1903.04078},
 primaryClass = {astro-ph.GA},
       adsurl = {https://ui.adsabs.harvard.edu/abs/2019BAAS...51c.121F},
      adsnote = {Provided by the SAO/NASA Astrophysics Data System}
}

@ARTICLE{2019BAAS...51c..45R,
       author = {{Rieke}, Marcia and {Arribas}, Santiago and {Bunker}, Andrew and {Charlot}, Stephan{\'e} and {Finkelstein}, Steve and {Maiolino}, Roberto and {Robertson}, Brant and {Willott}, Chris and {Windhorst}, Rogier and {Eisenstein}, Daniel and {Nelson}, Erica and {Tacchella}, Sandro and {Egami}, Eiichi and {Endsley}, Ryan and {Frye}, Brenda and {Hainline}, Kevin and {Hviding}, Raphael and {Rieke}, George and {Williams}, Christina and {Willmer}, Christopher and {Woodrum}, Charity},
        title = "{JWST GTO/ERS Deep Surveys}",
      journal = {\baas},
         year = 2019,
        month = may,
       volume = {51},
       number = {3},
          eid = {45},
        pages = {45},
       adsurl = {https://ui.adsabs.harvard.edu/abs/2019BAAS...51c..45R},
      adsnote = {Provided by the SAO/NASA Astrophysics Data System}
}

@ARTICLE{2019arXiv190205569A,
       author = {{Akeson}, Rachel and {Armus}, Lee and {Bachelet}, Etienne and {Bailey}, Vanessa and {Bartusek}, Lisa and {Bellini}, Andrea and {Benford}, Dominic and {Bennett}, David and {Bhattacharya}, Aparna and {Bohlin}, Ralph and {Boyer}, Martha and {Bozza}, Valerio and {Bryden}, Geoffrey and {Calchi Novati}, Sebastiano and {Carpenter}, Kenneth and {Casertano}, Stefano and {Choi}, Ami and {Content}, David and {Dayal}, Pratika and {Dressler}, Alan and {Dor{\'e}}, Olivier and {Fall}, S. Michael and {Fan}, Xiaohui and {Fang}, Xiao and {Filippenko}, Alexei and {Finkelstein}, Steven and {Foley}, Ryan and {Furlanetto}, Steven and {Kalirai}, Jason and {Gaudi}, B. Scott and {Gilbert}, Karoline and {Girard}, Julien and {Grady}, Kevin and {Greene}, Jenny and {Guhathakurta}, Puragra and {Heinrich}, Chen and {Hemmati}, Shoubaneh and {Hendel}, David and {Henderson}, Calen and {Henning}, Thomas and {Hirata}, Christopher and {Ho}, Shirley and {Huff}, Eric and {Hutter}, Anne and {Jansen}, Rolf and {Jha}, Saurabh and {Johnson}, Samson and {Jones}, David and {Kasdin}, Jeremy and {Kelly}, Patrick and {Kirshner}, Robert and {Koekemoer}, Anton and {Kruk}, Jeffrey and {Lewis}, Nikole and {Macintosh}, Bruce and {Madau}, Piero and {Malhotra}, Sangeeta and {Mandel}, Kaisey and {Massara}, Elena and {Masters}, Daniel and {McEnery}, Julie and {McQuinn}, Kristen and {Melchior}, Peter and {Melton}, Mark and {Mennesson}, Bertrand and {Peeples}, Molly and {Penny}, Matthew and {Perlmutter}, Saul and {Pisani}, Alice and {Plazas}, Andr{\'e}s and {Poleski}, Radek and {Postman}, Marc and {Ranc}, Cl{\'e}ment and {Rauscher}, Bernard and {Rest}, Armin and {Roberge}, Aki and {Robertson}, Brant and {Rodney}, Steven and {Rhoads}, James and {Rhodes}, Jason and {Ryan}, Russell, Jr. and {Sahu}, Kailash and {Sand}, David and {Scolnic}, Dan and {Seth}, Anil and {Shvartzvald}, Yossi and {Siellez}, Karelle and {Smith}, Arfon and {Spergel}, David and {Stassun}, Keivan and {Street}, Rachel and {Strolger}, Louis-Gregory and {Szalay}, Alexander and {Trauger}, John and {Troxel}, M.~A. and {Turnbull}, Margaret and {van der Marel}, Roeland and {von der Linden}, Anja and {Wang}, Yun and {Weinberg}, David and {Williams}, Benjamin and {Windhorst}, Rogier and {Wollack}, Edward and {Wu}, Hao-Yi and {Yee}, Jennifer and {Zimmerman}, Neil},
        title = "{The Wide Field Infrared Survey Telescope: 100 Hubbles for the 2020s}",
      journal = {arXiv e-prints},
     keywords = {Astrophysics - Instrumentation and Methods for Astrophysics, Astrophysics - Astrophysics of Galaxies},
         year = 2019,
        month = feb,
          eid = {arXiv:1902.05569},
        pages = {arXiv:1902.05569},
archivePrefix = {arXiv},
       eprint = {1902.05569},
 primaryClass = {astro-ph.IM},
       adsurl = {https://ui.adsabs.harvard.edu/abs/2019arXiv190205569A},
      adsnote = {Provided by the SAO/NASA Astrophysics Data System}
}

@ARTICLE{2011arXiv1110.3193L,
       author = {{Laureijs}, R. and {Amiaux}, J. and {Arduini}, S. and {Augu{\`e}res}, J. -L. and {Brinchmann}, J. and {Cole}, R. and {Cropper}, M. and {Dabin}, C. and {Duvet}, L. and {Ealet}, A. and {Garilli}, B. and {Gondoin}, P. and {Guzzo}, L. and {Hoar}, J. and {Hoekstra}, H. and {Holmes}, R. and {Kitching}, T. and {Maciaszek}, T. and {Mellier}, Y. and {Pasian}, F. and {Percival}, W. and {Rhodes}, J. and {Saavedra Criado}, G. and {Sauvage}, M. and {Scaramella}, R. and {Valenziano}, L. and {Warren}, S. and {Bender}, R. and {Castander}, F. and {Cimatti}, A. and {Le F{\`e}vre}, O. and {Kurki-Suonio}, H. and {Levi}, M. and {Lilje}, P. and {Meylan}, G. and {Nichol}, R. and {Pedersen}, K. and {Popa}, V. and {Rebolo Lopez}, R. and {Rix}, H. -W. and {Rottgering}, H. and {Zeilinger}, W. and {Grupp}, F. and {Hudelot}, P. and {Massey}, R. and {Meneghetti}, M. and {Miller}, L. and {Paltani}, S. and {Paulin-Henriksson}, S. and {Pires}, S. and {Saxton}, C. and {Schrabback}, T. and {Seidel}, G. and {Walsh}, J. and {Aghanim}, N. and {Amendola}, L. and {Bartlett}, J. and {Baccigalupi}, C. and {Beaulieu}, J. -P. and {Benabed}, K. and {Cuby}, J. -G. and {Elbaz}, D. and {Fosalba}, P. and {Gavazzi}, G. and {Helmi}, A. and {Hook}, I. and {Irwin}, M. and {Kneib}, J. -P. and {Kunz}, M. and {Mannucci}, F. and {Moscardini}, L. and {Tao}, C. and {Teyssier}, R. and {Weller}, J. and {Zamorani}, G. and {Zapatero Osorio}, M.~R. and {Boulade}, O. and {Foumond}, J.~J. and {Di Giorgio}, A. and {Guttridge}, P. and {James}, A. and {Kemp}, M. and {Martignac}, J. and {Spencer}, A. and {Walton}, D. and {Bl{\"u}mchen}, T. and {Bonoli}, C. and {Bortoletto}, F. and {Cerna}, C. and {Corcione}, L. and {Fabron}, C. and {Jahnke}, K. and {Ligori}, S. and {Madrid}, F. and {Martin}, L. and {Morgante}, G. and {Pamplona}, T. and {Prieto}, E. and {Riva}, M. and {Toledo}, R. and {Trifoglio}, M. and {Zerbi}, F. and {Abdalla}, F. and {Douspis}, M. and {Grenet}, C. and {Borgani}, S. and {Bouwens}, R. and {Courbin}, F. and {Delouis}, J. -M. and {Dubath}, P. and {Fontana}, A. and {Frailis}, M. and {Grazian}, A. and {Koppenh{\"o}fer}, J. and {Mansutti}, O. and {Melchior}, M. and {Mignoli}, M. and {Mohr}, J. and {Neissner}, C. and {Noddle}, K. and {Poncet}, M. and {Scodeggio}, M. and {Serrano}, S. and {Shane}, N. and {Starck}, J. -L. and {Surace}, C. and {Taylor}, A. and {Verdoes-Kleijn}, G. and {Vuerli}, C. and {Williams}, O.~R. and {Zacchei}, A. and {Altieri}, B. and {Escudero Sanz}, I. and {Kohley}, R. and {Oosterbroek}, T. and {Astier}, P. and {Bacon}, D. and {Bardelli}, S. and {Baugh}, C. and {Bellagamba}, F. and {Benoist}, C. and {Bianchi}, D. and {Biviano}, A. and {Branchini}, E. and {Carbone}, C. and {Cardone}, V. and {Clements}, D. and {Colombi}, S. and {Conselice}, C. and {Cresci}, G. and {Deacon}, N. and {Dunlop}, J. and {Fedeli}, C. and {Fontanot}, F. and {Franzetti}, P. and {Giocoli}, C. and {Garcia-Bellido}, J. and {Gow}, J. and {Heavens}, A. and {Hewett}, P. and {Heymans}, C. and {Holland}, A. and {Huang}, Z. and {Ilbert}, O. and {Joachimi}, B. and {Jennins}, E. and {Kerins}, E. and {Kiessling}, A. and {Kirk}, D. and {Kotak}, R. and {Krause}, O. and {Lahav}, O. and {van Leeuwen}, F. and {Lesgourgues}, J. and {Lombardi}, M. and {Magliocchetti}, M. and {Maguire}, K. and {Majerotto}, E. and {Maoli}, R. and {Marulli}, F. and {Maurogordato}, S. and {McCracken}, H. and {McLure}, R. and {Melchiorri}, A. and {Merson}, A. and {Moresco}, M. and {Nonino}, M. and {Norberg}, P. and {Peacock}, J. and {Pello}, R. and {Penny}, M. and {Pettorino}, V. and {Di Porto}, C. and {Pozzetti}, L. and {Quercellini}, C. and {Radovich}, M. and {Rassat}, A. and {Roche}, N. and {Ronayette}, S. and {Rossetti}, E. and {Sartoris}, B. and {Schneider}, P. and {Semboloni}, E. and {Serjeant}, S. and {Simpson}, F. and {Skordis}, C. and {Smadja}, G. and {Smartt}, S. and {Spano}, P. and {Spiro}, S. and {Sullivan}, M. and {Tilquin}, A. and {Trotta}, R. and {Verde}, L. and {Wang}, Y. and {Williger}, G. and {Zhao}, G. and {Zoubian}, J. and {Zucca}, E.},
        title = "{Euclid Definition Study Report}",
      journal = {arXiv e-prints},
     keywords = {Astrophysics - Cosmology and Extragalactic Astrophysics, Astrophysics - Galaxy Astrophysics},
         year = 2011,
        month = oct,
          eid = {arXiv:1110.3193},
        pages = {arXiv:1110.3193},
archivePrefix = {arXiv},
       eprint = {1110.3193},
 primaryClass = {astro-ph.CO},
       adsurl = {https://ui.adsabs.harvard.edu/abs/2011arXiv1110.3193L},
      adsnote = {Provided by the SAO/NASA Astrophysics Data System}
}

@ARTICLE{2012Sci...337..544V,
       author = {{Volonteri}, M.},
        title = "{The Formation and Evolution of Massive Black Holes}",
      journal = {Science},
     keywords = {ASTRONOMY, Astrophysics - Cosmology and Nongalactic Astrophysics, Astrophysics - High Energy Astrophysical Phenomena},
         year = 2012,
        month = aug,
       volume = {337},
       number = {6094},
        pages = {544},
          doi = {10.1126/science.1220843},
archivePrefix = {arXiv},
       eprint = {1208.1106},
 primaryClass = {astro-ph.CO},
       adsurl = {https://ui.adsabs.harvard.edu/abs/2012Sci...337..544V},
      adsnote = {Provided by the SAO/NASA Astrophysics Data System}
}


@ARTICLE{2020ARA&A..58...27I,
       author = {{Inayoshi}, Kohei and {Visbal}, Eli and {Haiman}, Zolt{\'a}n},
        title = "{The Assembly of the First Massive Black Holes}",
      journal = {\araa},
     keywords = {Astrophysics - Astrophysics of Galaxies, Astrophysics - Cosmology and Nongalactic Astrophysics},
         year = 2020,
        month = aug,
       volume = {58},
        pages = {27-97},
          doi = {10.1146/annurev-astro-120419-014455},
archivePrefix = {arXiv},
       eprint = {1911.05791},
 primaryClass = {astro-ph.GA},
       adsurl = {https://ui.adsabs.harvard.edu/abs/2020ARA&A..58...27I},
      adsnote = {Provided by the SAO/NASA Astrophysics Data System}
}




@ARTICLE{2002MNRAS.335..965Y,
       author = {{Yu}, Qingjuan and {Tremaine}, Scott},
        title = "{Observational constraints on growth of massive black holes}",
      journal = {\mnras},
     keywords = {black hole physics, galaxies: active, galaxies: evolution, galaxies: nuclei, quasars: general, cosmology: miscellaneous, Astrophysics},
         year = 2002,
        month = oct,
       volume = {335},
       number = {4},
        pages = {965-976},
          doi = {10.1046/j.1365-8711.2002.05532.x},
archivePrefix = {arXiv},
       eprint = {astro-ph/0203082},
 primaryClass = {astro-ph},
       adsurl = {https://ui.adsabs.harvard.edu/abs/2002MNRAS.335..965Y},
      adsnote = {Provided by the SAO/NASA Astrophysics Data System}
}

@ARTICLE{1992MNRAS.259..725S,
       author = {{Small}, Todd A. and {Blandford}, Roger D.},
        title = "{Quasar evolution and the growth of black holes.}",
      journal = {\mnras},
     keywords = {Accretion Disks, Black Holes (Astronomy), Galactic Evolution, Quasars, Galactic Mass, Galactic Nuclei, Luminosity, Astrophysics},
         year = 1992,
        month = dec,
       volume = {259},
        pages = {725-737},
          doi = {10.1093/mnras/259.4.725},
       adsurl = {https://ui.adsabs.harvard.edu/abs/1992MNRAS.259..725S},
      adsnote = {Provided by the SAO/NASA Astrophysics Data System}
}

@ARTICLE{2001ApJ...546..635O,
       author = {{Omukai}, Kazuyuki},
        title = "{Primordial Star Formation under Far-Ultraviolet Radiation}",
      journal = {\apj},
     keywords = {Cosmology: Theory, Cosmology: Early Universe, Galaxies: Formation, Molecular Processes, Stars: Formation, Astrophysics},
         year = 2001,
        month = jan,
       volume = {546},
       number = {2},
        pages = {635-651},
          doi = {10.1086/318296},
archivePrefix = {arXiv},
       eprint = {astro-ph/0011446},
 primaryClass = {astro-ph},
       adsurl = {https://ui.adsabs.harvard.edu/abs/2001ApJ...546..635O},
      adsnote = {Provided by the SAO/NASA Astrophysics Data System}
}


@ARTICLE{2011MNRAS.416.2748I,
       author = {{Inayoshi}, Kohei and {Omukai}, Kazuyuki},
        title = "{Effect of cosmic ray/X-ray ionization on supermassive black hole formation}",
      journal = {\mnras},
     keywords = {stars: formation, stars: Population III, dark ages, reionization, first stars, early Universe, Astrophysics - Cosmology and Nongalactic Astrophysics},
         year = 2011,
        month = oct,
       volume = {416},
       number = {4},
        pages = {2748-2759},
          doi = {10.1111/j.1365-2966.2011.19229.x},
archivePrefix = {arXiv},
       eprint = {1106.2812},
 primaryClass = {astro-ph.CO},
       adsurl = {https://ui.adsabs.harvard.edu/abs/2011MNRAS.416.2748I},
      adsnote = {Provided by the SAO/NASA Astrophysics Data System}
}

@ARTICLE{2014MNRAS.439.3798F,
       author = {{Fernandez}, Ricardo and {Bryan}, Greg L. and {Haiman}, Zoltan and {Li}, Miao},
        title = "{H$_{2}$ suppression with shocking inflows: testing a pathway for supermassive black hole formation}",
      journal = {\mnras},
     keywords = {black hole physics, methods: numerical, cosmology: theory, Astrophysics - Cosmology and Extragalactic Astrophysics},
         year = 2014,
        month = apr,
       volume = {439},
       number = {4},
        pages = {3798-3807},
          doi = {10.1093/mnras/stu230},
archivePrefix = {arXiv},
       eprint = {1401.5803},
 primaryClass = {astro-ph.CO},
       adsurl = {https://ui.adsabs.harvard.edu/abs/2014MNRAS.439.3798F},
      adsnote = {Provided by the SAO/NASA Astrophysics Data System}
}

@ARTICLE{2014MNRAS.445L.109I,
       author = {{Inayoshi}, K. and {Omukai}, K. and {Tasker}, E.},
        title = "{Formation of an embryonic supermassive star in the first galaxy.}",
      journal = {\mnras},
     keywords = {stars: formation, quasars: supermassive black holes, cosmology: theory, dark ages, reionization, first stars, Astrophysics - Astrophysics of Galaxies, Astrophysics - Cosmology and Nongalactic Astrophysics},
         year = 2014,
        month = nov,
       volume = {445},
        pages = {L109-L113},
          doi = {10.1093/mnrasl/slu151},
archivePrefix = {arXiv},
       eprint = {1404.4630},
 primaryClass = {astro-ph.GA},
       adsurl = {https://ui.adsabs.harvard.edu/abs/2014MNRAS.445L.109I},
      adsnote = {Provided by the SAO/NASA Astrophysics Data System}
}

@ARTICLE{2002ApJ...569..558O,
       author = {{Oh}, S. Peng and {Haiman}, Zolt{\'a}n},
        title = "{Second-Generation Objects in the Universe: Radiative Cooling and Collapse of Halos with Virial Temperatures above {}10$^{4}$ K}",
      journal = {\apj},
     keywords = {Cosmology: Theory, Cosmology: Early Universe, Galaxies: Formation, Molecular Processes, Astrophysics},
         year = 2002,
        month = apr,
       volume = {569},
       number = {2},
        pages = {558-572},
          doi = {10.1086/339393},
archivePrefix = {arXiv},
       eprint = {astro-ph/0108071},
 primaryClass = {astro-ph},
       adsurl = {https://ui.adsabs.harvard.edu/abs/2002ApJ...569..558O},
      adsnote = {Provided by the SAO/NASA Astrophysics Data System}
}

@ARTICLE{2003Natur.425..812B,
       author = {{Bromm}, Volker and {Loeb}, Abraham},
        title = "{The formation of the first low-mass stars from gas with low carbon and oxygen abundances}",
      journal = {\nat},
     keywords = {Astrophysics},
         year = 2003,
        month = oct,
       volume = {425},
       number = {6960},
        pages = {812-814},
          doi = {10.1038/nature02071},
archivePrefix = {arXiv},
       eprint = {astro-ph/0310622},
 primaryClass = {astro-ph},
       adsurl = {https://ui.adsabs.harvard.edu/abs/2003Natur.425..812B},
      adsnote = {Provided by the SAO/NASA Astrophysics Data System}
}

@ARTICLE{2010MNRAS.402.1249S,
       author = {{Shang}, Cien and {Bryan}, Greg L. and {Haiman}, Z.},
        title = "{Supermassive black hole formation by direct collapse: keeping protogalactic gas H$_{2}$ free in dark matter haloes with virial temperatures T$_{vir}$ > rsim {}10$^{4}$ K}",
      journal = {\mnras},
     keywords = {black hole physics, methods: numerical, cosmology: theory, Astrophysics - Cosmology and Nongalactic Astrophysics},
         year = 2010,
        month = feb,
       volume = {402},
       number = {2},
        pages = {1249-1262},
          doi = {10.1111/j.1365-2966.2009.15960.x},
archivePrefix = {arXiv},
       eprint = {0906.4773},
 primaryClass = {astro-ph.CO},
       adsurl = {https://ui.adsabs.harvard.edu/abs/2010MNRAS.402.1249S},
      adsnote = {Provided by the SAO/NASA Astrophysics Data System}
}

@ARTICLE{2012ApJ...756...93H,
       author = {{Hosokawa}, Takashi and {Omukai}, Kazuyuki and {Yorke}, Harold W.},
        title = "{Rapidly Accreting Supergiant Protostars: Embryos of Supermassive Black Holes?}",
      journal = {\apj},
     keywords = {accretion, accretion disks, cosmology: theory, early universe, galaxies: formation, stars: formation, Astrophysics - Cosmology and Nongalactic Astrophysics, Astrophysics - Solar and Stellar Astrophysics},
         year = 2012,
        month = sep,
       volume = {756},
       number = {1},
          eid = {93},
        pages = {93},
          doi = {10.1088/0004-637X/756/1/93},
archivePrefix = {arXiv},
       eprint = {1203.2613},
 primaryClass = {astro-ph.CO},
       adsurl = {https://ui.adsabs.harvard.edu/abs/2012ApJ...756...93H},
      adsnote = {Provided by the SAO/NASA Astrophysics Data System}
}

@ARTICLE{2013ApJ...778..178H,
       author = {{Hosokawa}, Takashi and {Yorke}, Harold W. and {Inayoshi}, Kohei and {Omukai}, Kazuyuki and {Yoshida}, Naoki},
        title = "{Formation of Primordial Supermassive Stars by Rapid Mass Accretion}",
      journal = {\apj},
     keywords = {accretion, accretion disks, cosmology: theory, early universe, galaxies: formation, stars: formation, Astrophysics - Solar and Stellar Astrophysics, Astrophysics - Cosmology and Nongalactic Astrophysics},
         year = 2013,
        month = dec,
       volume = {778},
       number = {2},
          eid = {178},
        pages = {178},
          doi = {10.1088/0004-637X/778/2/178},
archivePrefix = {arXiv},
       eprint = {1308.4457},
 primaryClass = {astro-ph.SR},
       adsurl = {https://ui.adsabs.harvard.edu/abs/2013ApJ...778..178H},
      adsnote = {Provided by the SAO/NASA Astrophysics Data System}
}

@ARTICLE{2014MNRAS.445..544S,
       author = {{Sugimura}, Kazuyuki and {Omukai}, Kazuyuki and {Inoue}, Akio K.},
        title = "{The critical radiation intensity for direct collapse black hole formation: dependence on the radiation spectral shape}",
      journal = {\mnras},
     keywords = {galaxies: high-redshift, quasars: supermassive black holes, cosmology: theory, Astrophysics - Astrophysics of Galaxies, Astrophysics - Cosmology and Nongalactic Astrophysics},
         year = 2014,
        month = nov,
       volume = {445},
       number = {1},
        pages = {544-553},
          doi = {10.1093/mnras/stu1778},
archivePrefix = {arXiv},
       eprint = {1407.4039},
 primaryClass = {astro-ph.GA},
       adsurl = {https://ui.adsabs.harvard.edu/abs/2014MNRAS.445..544S},
      adsnote = {Provided by the SAO/NASA Astrophysics Data System}
}

@ARTICLE{2014MNRAS.445..107V,
       author = {{Visbal}, Eli and {Haiman}, Zolt{\'a}n and {Terrazas}, Bryan and {Bryan}, Greg L. and {Barkana}, Rennan},
        title = "{High-redshift star formation in a time-dependent Lyman-Werner background}",
      journal = {\mnras},
     keywords = {galaxies: high-redshift, cosmology: theory, Astrophysics - Cosmology and Nongalactic Astrophysics},
         year = 2014,
        month = nov,
       volume = {445},
       number = {1},
        pages = {107-114},
          doi = {10.1093/mnras/stu1710},
archivePrefix = {arXiv},
       eprint = {1402.0882},
 primaryClass = {astro-ph.CO},
       adsurl = {https://ui.adsabs.harvard.edu/abs/2014MNRAS.445..107V},
      adsnote = {Provided by the SAO/NASA Astrophysics Data System}
}


@ARTICLE{2020MNRAS.499.5960S,
       author = {{Sakurai}, Yuya and {Haiman}, Zolt{\'a}n and {Inayoshi}, Kohei},
        title = "{Radiative feedback for supermassive star formation in a massive cloud with H$_{2}$ molecules in an atomic-cooling halo}",
      journal = {\mnras},
     keywords = {stars: evolution, stars: formation, stars: protostars, galaxies: star formation, Astrophysics - Astrophysics of Galaxies},
         year = 2020,
        month = dec,
       volume = {499},
       number = {4},
        pages = {5960-5971},
          doi = {10.1093/mnras/staa3227},
archivePrefix = {arXiv},
       eprint = {2009.02629},
 primaryClass = {astro-ph.GA},
       adsurl = {https://ui.adsabs.harvard.edu/abs/2020MNRAS.499.5960S},
      adsnote = {Provided by the SAO/NASA Astrophysics Data System}
}


@ARTICLE{2003ApJ...592..645Y,
       author = {{Yoshida}, Naoki and {Abel}, Tom and {Hernquist}, Lars and {Sugiyama}, Naoshi},
        title = "{Simulations of Early Structure Formation: Primordial Gas Clouds}",
      journal = {\apj},
     keywords = {Cosmology: Theory, Cosmology: Early Universe, Galaxies: Formation, Stars: Formation, Astrophysics},
         year = 2003,
        month = aug,
       volume = {592},
       number = {2},
        pages = {645-663},
          doi = {10.1086/375810},
archivePrefix = {arXiv},
       eprint = {astro-ph/0301645},
 primaryClass = {astro-ph},
       adsurl = {https://ui.adsabs.harvard.edu/abs/2003ApJ...592..645Y},
      adsnote = {Provided by the SAO/NASA Astrophysics Data System}
}

@ARTICLE{2019Natur.566...85W,
       author = {{Wise}, John H. and {Regan}, John A. and {O'Shea}, Brian W. and {Norman}, Michael L. and {Downes}, Turlough P. and {Xu}, Hao},
        title = "{Formation of massive black holes in rapidly growing pre-galactic gas clouds}",
      journal = {\nat},
     keywords = {Astrophysics - Astrophysics of Galaxies},
         year = 2019,
        month = jan,
       volume = {566},
       number = {7742},
        pages = {85-88},
          doi = {10.1038/s41586-019-0873-4},
archivePrefix = {arXiv},
       eprint = {1901.07563},
 primaryClass = {astro-ph.GA},
       adsurl = {https://ui.adsabs.harvard.edu/abs/2019Natur.566...85W},
      adsnote = {Provided by the SAO/NASA Astrophysics Data System}
}

@ARTICLE{2014ApJ...781...60H,
       author = {{Hirano}, Shingo and {Hosokawa}, Takashi and {Yoshida}, Naoki and {Umeda}, Hideyuki and {Omukai}, Kazuyuki and {Chiaki}, Gen and {Yorke}, Harold W.},
        title = "{One Hundred First Stars: Protostellar Evolution and the Final Masses}",
      journal = {\apj},
     keywords = {accretion, accretion disks, early universe, stars: evolution, stars: formation, stars: population III, stars: pre-main sequence, Astrophysics - Cosmology and Extragalactic Astrophysics, Astrophysics - Galaxy Astrophysics},
         year = 2014,
        month = feb,
       volume = {781},
       number = {2},
          eid = {60},
        pages = {60},
          doi = {10.1088/0004-637X/781/2/60},
archivePrefix = {arXiv},
       eprint = {1308.4456},
 primaryClass = {astro-ph.CO},
       adsurl = {https://ui.adsabs.harvard.edu/abs/2014ApJ...781...60H},
      adsnote = {Provided by the SAO/NASA Astrophysics Data System}
}
@ARTICLE{2015MNRAS.448..568H,
       author = {{Hirano}, S. and {Hosokawa}, T. and {Yoshida}, N. and {Omukai}, K. and {Yorke}, H.~W.},
        title = "{Primordial star formation under the influence of far ultraviolet radiation: 1540 cosmological haloes and the stellar mass distribution}",
      journal = {\mnras},
     keywords = {methods: numerical, stars: formation, stars: luminosity function, mass function, stars: Population III, dark ages, reionization, first stars, Astrophysics - Astrophysics of Galaxies, Astrophysics - Cosmology and Nongalactic Astrophysics},
         year = 2015,
        month = mar,
       volume = {448},
       number = {1},
        pages = {568-587},
          doi = {10.1093/mnras/stv044},
archivePrefix = {arXiv},
       eprint = {1501.01630},
 primaryClass = {astro-ph.GA},
       adsurl = {https://ui.adsabs.harvard.edu/abs/2015MNRAS.448..568H},
      adsnote = {Provided by the SAO/NASA Astrophysics Data System}
}



@ARTICLE{2019ApJ...872L..29S,
       author = {{Shimasaku}, Kazuhiro and {Izumi}, Takuma},
        title = "{Black versus Dark: Rapid Growth of Supermassive Black Holes in Dark Matter Halos at z {\ensuremath{\sim}} 6}",
      journal = {\apjl},
     keywords = {galaxies: evolution, galaxies: high-redshift, galaxies: star formation, quasars: supermassive black holes, Astrophysics - Astrophysics of Galaxies},
         year = 2019,
        month = feb,
       volume = {872},
       number = {2},
          eid = {L29},
        pages = {L29},
          doi = {10.3847/2041-8213/ab053f},
archivePrefix = {arXiv},
       eprint = {1902.04165},
 primaryClass = {astro-ph.GA},
       adsurl = {https://ui.adsabs.harvard.edu/abs/2019ApJ...872L..29S},
      adsnote = {Provided by the SAO/NASA Astrophysics Data System}
}

@ARTICLE{1964ApJ...140..796S,
       author = {{Salpeter}, E.~E.},
        title = "{Accretion of Interstellar Matter by Massive Objects.}",
      journal = {\apj},
         year = 1964,
        month = aug,
       volume = {140},
        pages = {796-800},
          doi = {10.1086/147973},
       adsurl = {https://ui.adsabs.harvard.edu/abs/1964ApJ...140..796S},
      adsnote = {Provided by the SAO/NASA Astrophysics Data System}
}


@ARTICLE{2001MNRAS.323....1S,
       author = {{Sheth}, Ravi K. and {Mo}, H.~J. and {Tormen}, Giuseppe},
        title = "{Ellipsoidal collapse and an improved model for the number and spatial distribution of dark matter haloes}",
      journal = {\mnras},
     keywords = {GALAXIES: CLUSTERS: GENERAL, COSMOLOGY: THEORY, DARK MATTER, Astrophysics},
         year = 2001,
        month = may,
       volume = {323},
       number = {1},
        pages = {1-12},
          doi = {10.1046/j.1365-8711.2001.04006.x},
archivePrefix = {arXiv},
       eprint = {astro-ph/9907024},
 primaryClass = {astro-ph},
       adsurl = {https://ui.adsabs.harvard.edu/abs/2001MNRAS.323....1S},
      adsnote = {Provided by the SAO/NASA Astrophysics Data System}
}

@INPROCEEDINGS{2013ASSL..396..293H,
       author = {{Haiman}, Zolt{\'a}n},
        title = "{The Formation of the First Massive Black Holes}",
     keywords = {Physics, Astrophysics - Cosmology and Nongalactic Astrophysics, General Relativity and Quantum Cosmology},
    booktitle = {The First Galaxies},
         year = 2013,
       editor = {{Wiklind}, Tommy and {Mobasher}, Bahram and {Bromm}, Volker},
       series = {Astrophysics and Space Science Library},
       volume = {396},
        month = jan,
        pages = {293},
          doi = {10.1007/978-3-642-32362-1\_6},
archivePrefix = {arXiv},
       eprint = {1203.6075},
 primaryClass = {astro-ph.CO},
       adsurl = {https://ui.adsabs.harvard.edu/abs/2013ASSL..396..293H},
      adsnote = {Provided by the SAO/NASA Astrophysics Data System}
}


@ARTICLE{2021ApJ...917...60L,
       author = {{Li}, Wenxiu and {Inayoshi}, Kohei and {Qiu}, Yu},
        title = "{Evolution of High-redshift Quasar Hosts and Promotion of Massive Black Hole Seed Formation}",
      journal = {\apj},
     keywords = {Supermassive black holes, Quasars, High-redshift galaxies, 1663, 1319, 734, Astrophysics - Astrophysics of Galaxies},
         year = 2021,
        month = aug,
       volume = {917},
       number = {2},
          eid = {60},
        pages = {60},
          doi = {10.3847/1538-4357/ac0adc},
archivePrefix = {arXiv},
       eprint = {2105.12637},
 primaryClass = {astro-ph.GA},
       adsurl = {https://ui.adsabs.harvard.edu/abs/2021ApJ...917...60L},
      adsnote = {Provided by the SAO/NASA Astrophysics Data System}
}

@ARTICLE{2017Sci...357.1375H,
       author = {{Hirano}, Shingo and {Hosokawa}, Takashi and {Yoshida}, Naoki and {Kuiper}, Rolf},
        title = "{Supersonic gas streams enhance the formation of massive black holes in the early universe}",
      journal = {Science},
     keywords = {ASTRONOMY, Astrophysics - Cosmology and Nongalactic Astrophysics, Astrophysics - Astrophysics of Galaxies},
         year = 2017,
        month = sep,
       volume = {357},
       number = {6358},
        pages = {1375-1378},
          doi = {10.1126/science.aai9119},
archivePrefix = {arXiv},
       eprint = {1709.09863},
 primaryClass = {astro-ph.CO},
       adsurl = {https://ui.adsabs.harvard.edu/abs/2017Sci...357.1375H},
      adsnote = {Provided by the SAO/NASA Astrophysics Data System}
}

@ARTICLE{2006ApJS..166..470R,
       author = {{Richards}, Gordon T. and {Lacy}, Mark and {Storrie-Lombardi}, Lisa J. and {Hall}, Patrick B. and {Gallagher}, S.~C. and {Hines}, Dean C. and {Fan}, Xiaohui and {Papovich}, Casey and {Vanden Berk}, Daniel E. and {Trammell}, George B. and {Schneider}, Donald P. and {Vestergaard}, Marianne and {York}, Donald G. and {Jester}, Sebastian and {Anderson}, Scott F. and {Budav{\'a}ri}, Tam{\'a}s and {Szalay}, Alexander S.},
        title = "{Spectral Energy Distributions and Multiwavelength Selection of Type 1 Quasars}",
      journal = {\apjs},
     keywords = {Catalogs, Galaxies: Active, Infrared: Galaxies, Galaxies: Quasars: General, Radio Continuum: Galaxies, Surveys, Ultraviolet: Galaxies, X-Rays: Galaxies, Astrophysics},
         year = 2006,
        month = oct,
       volume = {166},
       number = {2},
        pages = {470-497},
          doi = {10.1086/506525},
archivePrefix = {arXiv},
       eprint = {astro-ph/0601558},
 primaryClass = {astro-ph},
       adsurl = {https://ui.adsabs.harvard.edu/abs/2006ApJS..166..470R},
      adsnote = {Provided by the SAO/NASA Astrophysics Data System}
}

@ARTICLE{2016A&A...594A..13P,
       author = {{Planck Collaboration} and {Ade}, P.~A.~R. and {Aghanim}, N. and {Arnaud}, M. and {Ashdown}, M. and {Aumont}, J. and {Baccigalupi}, C. and {Banday}, A.~J. and {Barreiro}, R.~B. and {Bartlett}, J.~G. and {Bartolo}, N. and {Battaner}, E. and {Battye}, R. and {Benabed}, K. and {Beno{\^\i}t}, A. and {Benoit-L{\'e}vy}, A. and {Bernard}, J. -P. and {Bersanelli}, M. and {Bielewicz}, P. and {Bock}, J.~J. and {Bonaldi}, A. and {Bonavera}, L. and {Bond}, J.~R. and {Borrill}, J. and {Bouchet}, F.~R. and {Boulanger}, F. and {Bucher}, M. and {Burigana}, C. and {Butler}, R.~C. and {Calabrese}, E. and {Cardoso}, J. -F. and {Catalano}, A. and {Challinor}, A. and {Chamballu}, A. and {Chary}, R. -R. and {Chiang}, H.~C. and {Chluba}, J. and {Christensen}, P.~R. and {Church}, S. and {Clements}, D.~L. and {Colombi}, S. and {Colombo}, L.~P.~L. and {Combet}, C. and {Coulais}, A. and {Crill}, B.~P. and {Curto}, A. and {Cuttaia}, F. and {Danese}, L. and {Davies}, R.~D. and {Davis}, R.~J. and {de Bernardis}, P. and {de Rosa}, A. and {de Zotti}, G. and {Delabrouille}, J. and {D{\'e}sert}, F. -X. and {Di Valentino}, E. and {Dickinson}, C. and {Diego}, J.~M. and {Dolag}, K. and {Dole}, H. and {Donzelli}, S. and {Dor{\'e}}, O. and {Douspis}, M. and {Ducout}, A. and {Dunkley}, J. and {Dupac}, X. and {Efstathiou}, G. and {Elsner}, F. and {En{\ss}lin}, T.~A. and {Eriksen}, H.~K. and {Farhang}, M. and {Fergusson}, J. and {Finelli}, F. and {Forni}, O. and {Frailis}, M. and {Fraisse}, A.~A. and {Franceschi}, E. and {Frejsel}, A. and {Galeotta}, S. and {Galli}, S. and {Ganga}, K. and {Gauthier}, C. and {Gerbino}, M. and {Ghosh}, T. and {Giard}, M. and {Giraud-H{\'e}raud}, Y. and {Giusarma}, E. and {Gjerl{\o}w}, E. and {Gonz{\'a}lez-Nuevo}, J. and {G{\'o}rski}, K.~M. and {Gratton}, S. and {Gregorio}, A. and {Gruppuso}, A. and {Gudmundsson}, J.~E. and {Hamann}, J. and {Hansen}, F.~K. and {Hanson}, D. and {Harrison}, D.~L. and {Helou}, G. and {Henrot-Versill{\'e}}, S. and {Hern{\'a}ndez-Monteagudo}, C. and {Herranz}, D. and {Hildebrandt}, S.~R. and {Hivon}, E. and {Hobson}, M. and {Holmes}, W.~A. and {Hornstrup}, A. and {Hovest}, W. and {Huang}, Z. and {Huffenberger}, K.~M. and {Hurier}, G. and {Jaffe}, A.~H. and {Jaffe}, T.~R. and {Jones}, W.~C. and {Juvela}, M. and {Keih{\"a}nen}, E. and {Keskitalo}, R. and {Kisner}, T.~S. and {Kneissl}, R. and {Knoche}, J. and {Knox}, L. and {Kunz}, M. and {Kurki-Suonio}, H. and {Lagache}, G. and {L{\"a}hteenm{\"a}ki}, A. and {Lamarre}, J. -M. and {Lasenby}, A. and {Lattanzi}, M. and {Lawrence}, C.~R. and {Leahy}, J.~P. and {Leonardi}, R. and {Lesgourgues}, J. and {Levrier}, F. and {Lewis}, A. and {Liguori}, M. and {Lilje}, P.~B. and {Linden-V{\o}rnle}, M. and {L{\'o}pez-Caniego}, M. and {Lubin}, P.~M. and {Mac{\'\i}as-P{\'e}rez}, J.~F. and {Maggio}, G. and {Maino}, D. and {Mandolesi}, N. and {Mangilli}, A. and {Marchini}, A. and {Maris}, M. and {Martin}, P.~G. and {Martinelli}, M. and {Mart{\'\i}nez-Gonz{\'a}lez}, E. and {Masi}, S. and {Matarrese}, S. and {McGehee}, P. and {Meinhold}, P.~R. and {Melchiorri}, A. and {Melin}, J. -B. and {Mendes}, L. and {Mennella}, A. and {Migliaccio}, M. and {Millea}, M. and {Mitra}, S. and {Miville-Desch{\^e}nes}, M. -A. and {Moneti}, A. and {Montier}, L. and {Morgante}, G. and {Mortlock}, D. and {Moss}, A. and {Munshi}, D. and {Murphy}, J.~A. and {Naselsky}, P. and {Nati}, F. and {Natoli}, P. and {Netterfield}, C.~B. and {N{\o}rgaard-Nielsen}, H.~U. and {Noviello}, F. and {Novikov}, D. and {Novikov}, I. and {Oxborrow}, C.~A. and {Paci}, F. and {Pagano}, L. and {Pajot}, F. and {Paladini}, R. and {Paoletti}, D. and {Partridge}, B. and {Pasian}, F. and {Patanchon}, G. and {Pearson}, T.~J. and {Perdereau}, O. and {Perotto}, L. and {Perrotta}, F. and {Pettorino}, V. and {Piacentini}, F. and {Piat}, M. and {Pierpaoli}, E. and {Pietrobon}, D. and {Plaszczynski}, S. and {Pointecouteau}, E. and {Polenta}, G. and {Popa}, L. and {Pratt}, G.~W. and {Pr{\'e}zeau}, G. and {Prunet}, S. and {Puget}, J. -L. and {Rachen}, J.~P. and {Reach}, W.~T. and {Rebolo}, R. and {Reinecke}, M. and {Remazeilles}, M. and {Renault}, C. and {Renzi}, A. and {Ristorcelli}, I. and {Rocha}, G. and {Rosset}, C. and {Rossetti}, M. and {Roudier}, G. and {Rouill{\'e} d'Orfeuil}, B. and {Rowan-Robinson}, M. and {Rubi{\~n}o-Mart{\'\i}n}, J.~A. and {Rusholme}, B. and {Said}, N. and {Salvatelli}, V. and {Salvati}, L. and {Sandri}, M. and {Santos}, D. and {Savelainen}, M. and {Savini}, G. and {Scott}, D. and {Seiffert}, M.~D. and {Serra}, P. and {Shellard}, E.~P.~S. and {Spencer}, L.~D. and {Spinelli}, M. and {Stolyarov}, V. and {Stompor}, R. and {Sudiwala}, R. and {Sunyaev}, R. and {Sutton}, D. and {Suur-Uski}, A. -S. and {Sygnet}, J. -F. and {Tauber}, J.~A. and {Terenzi}, L. and {Toffolatti}, L. and {Tomasi}, M. and {Tristram}, M. and {Trombetti}, T. and {Tucci}, M. and {Tuovinen}, J. and {T{\"u}rler}, M. and {Umana}, G. and {Valenziano}, L. and {Valiviita}, J. and {Van Tent}, F. and {Vielva}, P. and {Villa}, F. and {Wade}, L.~A. and {Wandelt}, B.~D. and {Wehus}, I.~K. and {White}, M. and {White}, S.~D.~M. and {Wilkinson}, A. and {Yvon}, D. and {Zacchei}, A. and {Zonca}, A.},
        title = "{Planck 2015 results. XIII. Cosmological parameters}",
      journal = {\aap},
     keywords = {cosmology: observations, cosmology: theory, cosmic background radiation, cosmological parameters, Astrophysics - Cosmology and Nongalactic Astrophysics},
         year = 2016,
        month = sep,
       volume = {594},
          eid = {A13},
        pages = {A13},
          doi = {10.1051/0004-6361/201525830},
archivePrefix = {arXiv},
       eprint = {1502.01589},
 primaryClass = {astro-ph.CO},
       adsurl = {https://ui.adsabs.harvard.edu/abs/2016A&A...594A..13P},
      adsnote = {Provided by the SAO/NASA Astrophysics Data System}
}
@ARTICLE{2018ApJ...855...17H,
       author = {{Hirano}, Shingo and {Yoshida}, Naoki and {Sakurai}, Yuya and {Fujii}, Michiko S.},
        title = "{Formation of the First Star Clusters and Massive Star Binaries by Fragmentation of Filamentary Primordial Gas Clouds}",
      journal = {\apj},
     keywords = {cosmology: theory, dark ages, reionization, first stars, galaxies: high-redshift, methods: numerical, stars: formation, stars: Population III, Astrophysics - Astrophysics of Galaxies, Astrophysics - Cosmology and Nongalactic Astrophysics},
         year = 2018,
        month = mar,
       volume = {855},
       number = {1},
          eid = {17},
        pages = {17},
          doi = {10.3847/1538-4357/aaaaba},
archivePrefix = {arXiv},
       eprint = {1711.07315},
 primaryClass = {astro-ph.GA},
       adsurl = {https://ui.adsabs.harvard.edu/abs/2018ApJ...855...17H},
      adsnote = {Provided by the SAO/NASA Astrophysics Data System}
}

@ARTICLE{2019MNRAS.484.3510S,
       author = {{Schauer}, Anna T.~P. and {Glover}, Simon C.~O. and {Klessen}, Ralf S. and {Ceverino}, Daniel},
        title = "{The influence of streaming velocities on the formation of the first stars}",
      journal = {\mnras},
     keywords = {stars: Population III, dark ages, reionization, first stars, early universe, Astrophysics - Astrophysics of Galaxies, Astrophysics - Cosmology and Nongalactic Astrophysics},
         year = 2019,
        month = apr,
       volume = {484},
       number = {3},
        pages = {3510-3521},
          doi = {10.1093/mnras/stz013},
archivePrefix = {arXiv},
       eprint = {1811.12920},
 primaryClass = {astro-ph.GA},
       adsurl = {https://ui.adsabs.harvard.edu/abs/2019MNRAS.484.3510S},
      adsnote = {Provided by the SAO/NASA Astrophysics Data System}
}


@ARTICLE{1982MNRAS.200..115S,
       author = {{Soltan}, A.},
        title = "{Masses of quasars.}",
      journal = {\mnras},
     keywords = {Astronomical Models, Black Holes (Astronomy), Galactic Evolution, Galactic Nuclei, Mass, Quasars, Bolometers, Luminosity, Red Shift, Spectrophotometry, Stellar Mass Accretion, Astrophysics},
         year = 1982,
        month = jul,
       volume = {200},
        pages = {115-122},
          doi = {10.1093/mnras/200.1.115},
       adsurl = {https://ui.adsabs.harvard.edu/abs/1982MNRAS.200..115S},
      adsnote = {Provided by the SAO/NASA Astrophysics Data System}
}

@ARTICLE{1973A&A....24..337S,
       author = {{Shakura}, N.~I. and {Sunyaev}, R.~A.},
        title = "{Black holes in binary systems. Observational appearance.}",
      journal = {\aap},
         year = 1973,
        month = jan,
       volume = {24},
        pages = {337-355},
       adsurl = {https://ui.adsabs.harvard.edu/abs/1973A&A....24..337S},
      adsnote = {Provided by the SAO/NASA Astrophysics Data System}
}

@ARTICLE{1974ApJ...187..425P,
       author = {{Press}, William H. and {Schechter}, Paul},
        title = "{Formation of Galaxies and Clusters of Galaxies by Self-Similar Gravitational Condensation}",
      journal = {\apj},
         year = 1974,
        month = feb,
       volume = {187},
        pages = {425-438},
          doi = {10.1086/152650},
       adsurl = {https://ui.adsabs.harvard.edu/abs/1974ApJ...187..425P},
      adsnote = {Provided by the SAO/NASA Astrophysics Data System}
}

@ARTICLE{2000MNRAS.319..168C,
       author = {{Cole}, Shaun and {Lacey}, Cedric G. and {Baugh}, Carlton M. and {Frenk}, Carlos S.},
        title = "{Hierarchical galaxy formation}",
      journal = {\mnras},
     keywords = {GALAXIES: FORMATION, Astrophysics},
         year = 2000,
        month = nov,
       volume = {319},
       number = {1},
        pages = {168-204},
          doi = {10.1046/j.1365-8711.2000.03879.x},
archivePrefix = {arXiv},
       eprint = {astro-ph/0007281},
 primaryClass = {astro-ph},
       adsurl = {https://ui.adsabs.harvard.edu/abs/2000MNRAS.319..168C},
      adsnote = {Provided by the SAO/NASA Astrophysics Data System}
}

@ARTICLE{2010PhRvD..82h3520T,
       author = {{Tseliakhovich}, Dmitriy and {Hirata}, Christopher},
        title = "{Relative velocity of dark matter and baryonic fluids and the formation of the first structures}",
      journal = {\prd},
     keywords = {98.65.Dx, 98.80.Es, Superclusters, large-scale structure of the Universe, Observational cosmology, Astrophysics - Cosmology and Nongalactic Astrophysics},
         year = 2010,
        month = oct,
       volume = {82},
       number = {8},
          eid = {083520},
        pages = {083520},
          doi = {10.1103/PhysRevD.82.083520},
archivePrefix = {arXiv},
       eprint = {1005.2416},
 primaryClass = {astro-ph.CO},
       adsurl = {https://ui.adsabs.harvard.edu/abs/2010PhRvD..82h3520T},
      adsnote = {Provided by the SAO/NASA Astrophysics Data System}
}

@ARTICLE{2012MNRAS.424.1335F,
       author = {{Fialkov}, Anastasia and {Barkana}, Rennan and {Tseliakhovich}, Dmitriy and {Hirata}, Christopher M.},
        title = "{Impact of the relative motion between the dark matter and baryons on the first stars: semi-analytical modelling}",
      journal = {\mnras},
     keywords = {galaxies: formation, galaxies: high-redshift, cosmology: theory, Astrophysics - Cosmology and Nongalactic Astrophysics},
         year = 2012,
        month = aug,
       volume = {424},
       number = {2},
        pages = {1335-1345},
          doi = {10.1111/j.1365-2966.2012.21318.x},
archivePrefix = {arXiv},
       eprint = {1110.2111},
 primaryClass = {astro-ph.CO},
       adsurl = {https://ui.adsabs.harvard.edu/abs/2012MNRAS.424.1335F},
      adsnote = {Provided by the SAO/NASA Astrophysics Data System}
}

@ARTICLE{2014MNRAS.439.1092T,
       author = {{Tanaka}, Takamitsu L. and {Li}, Miao},
        title = "{The formation of massive black holes in z {\ensuremath{\sim}} 30 dark matter haloes with large baryonic streaming velocities}",
      journal = {\mnras},
     keywords = {black hole physics, galaxies: formation, cosmology: theory, dark ages, reionization, first stars, Astrophysics - Cosmology and Extragalactic Astrophysics},
         year = 2014,
        month = mar,
       volume = {439},
       number = {1},
        pages = {1092-1100},
          doi = {10.1093/mnras/stu042},
archivePrefix = {arXiv},
       eprint = {1310.0859},
 primaryClass = {astro-ph.CO},
       adsurl = {https://ui.adsabs.harvard.edu/abs/2014MNRAS.439.1092T},
      adsnote = {Provided by the SAO/NASA Astrophysics Data System}
}

@ARTICLE{2008MNRAS.383..557P,
       author = {{Parkinson}, Hannah and {Cole}, Shaun and {Helly}, John},
        title = "{Generating dark matter halo merger trees}",
      journal = {\mnras},
     keywords = {methods: numerical, cosmology: theory, dark matter, Astrophysics},
         year = 2008,
        month = jan,
       volume = {383},
       number = {2},
        pages = {557-564},
          doi = {10.1111/j.1365-2966.2007.12517.x},
archivePrefix = {arXiv},
       eprint = {0708.1382},
 primaryClass = {astro-ph},
       adsurl = {https://ui.adsabs.harvard.edu/abs/2008MNRAS.383..557P},
      adsnote = {Provided by the SAO/NASA Astrophysics Data System}
}
@ARTICLE{2016ApJ...826...12J,
       author = {{Jones}, Mackenzie L. and {Hickox}, Ryan C. and {Black}, Christine S. and {Hainline}, Kevin N. and {DiPompeo}, Michael A. and {Goulding}, Andy D.},
        title = "{The Intrinsic Eddington Ratio Distribution of Active Galactic Nuclei in Star-forming Galaxies from the Sloan Digital Sky Survey}",
      journal = {\apj},
     keywords = {galaxies: active, Astrophysics - Astrophysics of Galaxies},
         year = 2016,
        month = jul,
       volume = {826},
       number = {1},
          eid = {12},
        pages = {12},
          doi = {10.3847/0004-637X/826/1/12},
archivePrefix = {arXiv},
       eprint = {1605.01739},
 primaryClass = {astro-ph.GA},
       adsurl = {https://ui.adsabs.harvard.edu/abs/2016ApJ...826...12J},
      adsnote = {Provided by the SAO/NASA Astrophysics Data System}
}

@ARTICLE{2009ApJ...698.1550H,
       author = {{Hopkins}, Philip F. and {Hernquist}, Lars},
        title = "{Quasars Are Not Light Bulbs: Testing Models of Quasar Lifetimes with the Observed Eddington Ratio Distribution}",
      journal = {\apj},
     keywords = {cosmology: theory, galaxies: active, galaxies: evolution, quasars: general, Astrophysics},
         year = 2009,
        month = jun,
       volume = {698},
       number = {2},
        pages = {1550-1569},
          doi = {10.1088/0004-637X/698/2/1550},
archivePrefix = {arXiv},
       eprint = {0809.3789},
 primaryClass = {astro-ph},
       adsurl = {https://ui.adsabs.harvard.edu/abs/2009ApJ...698.1550H},
      adsnote = {Provided by the SAO/NASA Astrophysics Data System}
}

@ARTICLE{2008ApJ...686..815Y,
       author = {{Younger}, Joshua D. and {Hopkins}, Philip F. and {Cox}, T.~J. and {Hernquist}, Lars},
        title = "{The Self-Regulated Growth of Supermassive Black Holes}",
      journal = {\apj},
     keywords = {black hole physics, galaxies: evolution, galaxies: formation, galaxies: general, methods: numerical, Astrophysics},
         year = 2008,
        month = oct,
       volume = {686},
       number = {2},
        pages = {815-828},
          doi = {10.1086/591639},
archivePrefix = {arXiv},
       eprint = {0804.2672},
 primaryClass = {astro-ph},
       adsurl = {https://ui.adsabs.harvard.edu/abs/2008ApJ...686..815Y},
      adsnote = {Provided by the SAO/NASA Astrophysics Data System}
}

@ARTICLE{1991MNRAS.248..754P,
       author = {{Pringle}, J.~E.},
        title = "{The properties of external accretion discs.}",
      journal = {\mnras},
     keywords = {Accretion Disks, Binary Stars, Angular Momentum, Computational Astrophysics, Green'S Functions, Nonlinear Equations, Astrophysics},
         year = 1991,
        month = feb,
       volume = {248},
        pages = {754},
          doi = {10.1093/mnras/248.4.754},
       adsurl = {https://ui.adsabs.harvard.edu/abs/1991MNRAS.248..754P},
      adsnote = {Provided by the SAO/NASA Astrophysics Data System}
}

@ARTICLE{2005ApJ...634..901Y,
       author = {{Yu}, Qingjuan and {Lu}, Youjun and {Kauffmann}, Guinevere},
        title = "{Evolution of Accretion Disks around Massive Black Holes: Constraints from the Demography of Active Galactic Nuclei}",
      journal = {\apj},
     keywords = {Accretion, Accretion Disks, Black Hole Physics, Galaxies: Active, Galaxies: Evolution, Astrophysics},
         year = 2005,
        month = dec,
       volume = {634},
       number = {2},
        pages = {901-909},
          doi = {10.1086/433166},
archivePrefix = {arXiv},
       eprint = {astro-ph/0502499},
 primaryClass = {astro-ph},
       adsurl = {https://ui.adsabs.harvard.edu/abs/2005ApJ...634..901Y},
      adsnote = {Provided by the SAO/NASA Astrophysics Data System}
}

@ARTICLE{2007MNRAS.377L..25K,
       author = {{King}, A.~R. and {Pringle}, J.~E.},
        title = "{Fuelling active galactic nuclei}",
      journal = {\mnras},
     keywords = {black hole physics, accretion, accretion discs, galaxies: active, Astrophysics},
         year = 2007,
        month = may,
       volume = {377},
       number = {1},
        pages = {L25-L28},
          doi = {10.1111/j.1745-3933.2007.00296.x},
archivePrefix = {arXiv},
       eprint = {astro-ph/0701679},
 primaryClass = {astro-ph},
       adsurl = {https://ui.adsabs.harvard.edu/abs/2007MNRAS.377L..25K},
      adsnote = {Provided by the SAO/NASA Astrophysics Data System}
}


@ARTICLE{2011ApJ...737...26N,
       author = {{Novak}, Gregory S. and {Ostriker}, Jeremiah P. and {Ciotti}, Luca},
        title = "{Feedback from Central Black Holes in Elliptical Galaxies: Two-dimensional Models Compared to One-dimensional Models}",
      journal = {\apj},
     keywords = {galaxies: active, galaxies: elliptical and lenticular, cD, galaxies: nuclei, quasars: general, Astrophysics - Astrophysics of Galaxies},
         year = 2011,
        month = aug,
       volume = {737},
       number = {1},
          eid = {26},
        pages = {26},
          doi = {10.1088/0004-637X/737/1/26},
archivePrefix = {arXiv},
       eprint = {1007.3505},
 primaryClass = {astro-ph.GA},
       adsurl = {https://ui.adsabs.harvard.edu/abs/2011ApJ...737...26N},
      adsnote = {Provided by the SAO/NASA Astrophysics Data System}
}


@ARTICLE{2015MNRAS.447.2085S,
       author = {{Schulze}, A. and {Bongiorno}, A. and {Gavignaud}, I. and {Schramm}, M. and {Silverman}, J. and {Merloni}, A. and {Zamorani}, G. and {Hirschmann}, M. and {Mainieri}, V. and {Wisotzki}, L. and {Shankar}, F. and {Fiore}, F. and {Koekemoer}, A.~M. and {Temporin}, G.},
        title = "{The cosmic growth of the active black hole population at 1 <z <2 in zCOSMOS, VVDS and SDSS}",
      journal = {\mnras},
     keywords = {galaxies: active, galaxies: nuclei, quasars: general, Astrophysics - Astrophysics of Galaxies, Astrophysics - Cosmology and Nongalactic Astrophysics},
         year = 2015,
        month = mar,
       volume = {447},
       number = {3},
        pages = {2085-2111},
          doi = {10.1093/mnras/stu2549},
archivePrefix = {arXiv},
       eprint = {1412.0754},
 primaryClass = {astro-ph.GA},
       adsurl = {https://ui.adsabs.harvard.edu/abs/2015MNRAS.447.2085S},
      adsnote = {Provided by the SAO/NASA Astrophysics Data System}
}

@ARTICLE{2018MNRAS.474.1225A,
       author = {{Aird}, J. and {Coil}, A.~L. and {Georgakakis}, A.},
        title = "{X-rays across the galaxy population - II. The distribution of AGN accretion rates as a function of stellar mass and redshift.}",
      journal = {\mnras},
     keywords = {Astrophysics - High Energy Astrophysical Phenomena},
         year = 2018,
        month = jan,
       volume = {474},
        pages = {1225-1249},
          doi = {10.1093/mnras/stx2700},
archivePrefix = {arXiv},
       eprint = {1705.01132},
 primaryClass = {astro-ph.HE},
       adsurl = {https://ui.adsabs.harvard.edu/abs/2018MNRAS.474.1225A},
      adsnote = {Provided by the SAO/NASA Astrophysics Data System}
}

@ARTICLE{2009ApJ...696.1798T,
       author = {{Tanaka}, Takamitsu and {Haiman}, Zolt{\'a}n},
        title = "{The Assembly of Supermassive Black Holes at High Redshifts}",
      journal = {\apj},
     keywords = {accretion, accretion disks, black hole physics, cosmology: theory, galaxies: formation, quasars: general, Astrophysics},
         year = 2009,
        month = may,
       volume = {696},
       number = {2},
        pages = {1798-1822},
          doi = {10.1088/0004-637X/696/2/1798},
archivePrefix = {arXiv},
       eprint = {0807.4702},
 primaryClass = {astro-ph},
       adsurl = {https://ui.adsabs.harvard.edu/abs/2009ApJ...696.1798T},
      adsnote = {Provided by the SAO/NASA Astrophysics Data System}
}

@ARTICLE{2006ApJ...639..700H,
       author = {{Hopkins}, Philip F. and {Hernquist}, Lars and {Cox}, Thomas J. and {Robertson}, Brant and {Di Matteo}, Tiziana and {Springel}, Volker},
        title = "{The Evolution in the Faint-End Slope of the Quasar Luminosity Function}",
      journal = {\apj},
     keywords = {Cosmology: Theory, Galaxies: Active, Galaxies: Evolution, Galaxies: Quasars: General, Astrophysics},
         year = 2006,
        month = mar,
       volume = {639},
       number = {2},
        pages = {700-709},
          doi = {10.1086/499351},
archivePrefix = {arXiv},
       eprint = {astro-ph/0508299},
 primaryClass = {astro-ph},
       adsurl = {https://ui.adsabs.harvard.edu/abs/2006ApJ...639..700H},
      adsnote = {Provided by the SAO/NASA Astrophysics Data System}
}
@ARTICLE{2005Natur.433..604D,
       author = {{Di Matteo}, Tiziana and {Springel}, Volker and {Hernquist}, Lars},
        title = "{Energy input from quasars regulates the growth and activity of black holes and their host galaxies}",
      journal = {\nat},
     keywords = {Astrophysics},
         year = 2005,
        month = feb,
       volume = {433},
       number = {7026},
        pages = {604-607},
          doi = {10.1038/nature03335},
archivePrefix = {arXiv},
       eprint = {astro-ph/0502199},
 primaryClass = {astro-ph},
       adsurl = {https://ui.adsabs.harvard.edu/abs/2005Natur.433..604D},
      adsnote = {Provided by the SAO/NASA Astrophysics Data System}
}
@ARTICLE{2005ApJ...630..705H,
       author = {{Hopkins}, Philip F. and {Hernquist}, Lars and {Cox}, Thomas J. and {Di Matteo}, Tiziana and {Martini}, Paul and {Robertson}, Brant and {Springel}, Volker},
        title = "{Black Holes in Galaxy Mergers: Evolution of Quasars}",
      journal = {\apj},
     keywords = {Cosmology: Theory, Galaxies: Active, Galaxies: Evolution, Galaxies: Nuclei, Galaxies: Quasars: General, Astrophysics},
         year = 2005,
        month = sep,
       volume = {630},
       number = {2},
        pages = {705-715},
          doi = {10.1086/432438},
archivePrefix = {arXiv},
       eprint = {astro-ph/0504190},
 primaryClass = {astro-ph},
       adsurl = {https://ui.adsabs.harvard.edu/abs/2005ApJ...630..705H},
      adsnote = {Provided by the SAO/NASA Astrophysics Data System}
}



@ARTICLE{2003ApJ...598..886U,
       author = {{Ueda}, Yoshihiro and {Akiyama}, Masayuki and {Ohta}, Kouji and {Miyaji}, Takamitsu},
        title = "{Cosmological Evolution of the Hard X-Ray Active Galactic Nucleus Luminosity Function and the Origin of the Hard X-Ray Background}",
      journal = {\apj},
     keywords = {Cosmology: Diffuse Radiation, Galaxies: Active, Galaxies: Quasars: General, Surveys, X-Rays: Diffuse Background, Astrophysics},
         year = 2003,
        month = dec,
       volume = {598},
       number = {2},
        pages = {886-908},
          doi = {10.1086/378940},
archivePrefix = {arXiv},
       eprint = {astro-ph/0308140},
 primaryClass = {astro-ph},
       adsurl = {https://ui.adsabs.harvard.edu/abs/2003ApJ...598..886U},
      adsnote = {Provided by the SAO/NASA Astrophysics Data System}
}

@ARTICLE{2014ApJ...786..104U,
       author = {{Ueda}, Yoshihiro and {Akiyama}, Masayuki and {Hasinger}, G{\"u}nther and {Miyaji}, Takamitsu and {Watson}, Michael G.},
        title = "{Toward the Standard Population Synthesis Model of the X-Ray Background: Evolution of X-Ray Luminosity and Absorption Functions of Active Galactic Nuclei Including Compton-thick Populations}",
      journal = {\apj},
     keywords = {diffuse radiation, galaxies: active, quasars: general, surveys, X-rays: diffuse background, Astrophysics - Cosmology and Nongalactic Astrophysics, Astrophysics - Astrophysics of Galaxies},
         year = 2014,
        month = may,
       volume = {786},
       number = {2},
          eid = {104},
        pages = {104},
          doi = {10.1088/0004-637X/786/2/104},
archivePrefix = {arXiv},
       eprint = {1402.1836},
 primaryClass = {astro-ph.CO},
       adsurl = {https://ui.adsabs.harvard.edu/abs/2014ApJ...786..104U},
      adsnote = {Provided by the SAO/NASA Astrophysics Data System}
}

@ARTICLE{2014MNRAS.437.3550M,
       author = {{Merloni}, A. and {Bongiorno}, A. and {Brusa}, M. and {Iwasawa}, K. and {Mainieri}, V. and {Magnelli}, B. and {Salvato}, M. and {Berta}, S. and {Cappelluti}, N. and {Comastri}, A. and {Fiore}, F. and {Gilli}, R. and {Koekemoer}, A. and {Le Floc'h}, E. and {Lusso}, E. and {Lutz}, D. and {Miyaji}, T. and {Pozzi}, F. and {Riguccini}, L. and {Rosario}, D.~J. and {Silverman}, J. and {Symeonidis}, M. and {Treister}, E. and {Vignali}, C. and {Zamorani}, G.},
        title = "{The incidence of obscuration in active galactic nuclei}",
      journal = {\mnras},
     keywords = {catalogues, surveys, galaxies: active, galaxies: evolution, galaxies: fundamental parameters, Astrophysics - Cosmology and Nongalactic Astrophysics},
         year = 2014,
        month = feb,
       volume = {437},
       number = {4},
        pages = {3550-3567},
          doi = {10.1093/mnras/stt2149},
archivePrefix = {arXiv},
       eprint = {1311.1305},
 primaryClass = {astro-ph.CO},
       adsurl = {https://ui.adsabs.harvard.edu/abs/2014MNRAS.437.3550M},
      adsnote = {Provided by the SAO/NASA Astrophysics Data System}
}

@ARTICLE{2018ARA&A..56..625H,
       author = {{Hickox}, Ryan C. and {Alexander}, David M.},
        title = "{Obscured Active Galactic Nuclei}",
      journal = {\araa},
     keywords = {Astrophysics - Astrophysics of Galaxies, Astrophysics - Cosmology and Nongalactic Astrophysics},
         year = 2018,
        month = sep,
       volume = {56},
        pages = {625-671},
          doi = {10.1146/annurev-astro-081817-051803},
archivePrefix = {arXiv},
       eprint = {1806.04680},
 primaryClass = {astro-ph.GA},
       adsurl = {https://ui.adsabs.harvard.edu/abs/2018ARA&A..56..625H},
      adsnote = {Provided by the SAO/NASA Astrophysics Data System}
}

@ARTICLE{2007A&A...463...79G,
       author = {{Gilli}, R. and {Comastri}, A. and {Hasinger}, G.},
        title = "{The synthesis of the cosmic X-ray background in the Chandra and XMM-Newton era}",
      journal = {\aap},
     keywords = {X-rays: galaxies, galaxies: active, X-rays: general, cosmology: diffuse radiation, X-rays: diffuse background, Astrophysics},
         year = 2007,
        month = feb,
       volume = {463},
       number = {1},
        pages = {79-96},
          doi = {10.1051/0004-6361:20066334},
archivePrefix = {arXiv},
       eprint = {astro-ph/0610939},
 primaryClass = {astro-ph},
       adsurl = {https://ui.adsabs.harvard.edu/abs/2007A&A...463...79G},
      adsnote = {Provided by the SAO/NASA Astrophysics Data System}
}


@ARTICLE{2008A&A...490..905H,
       author = {{Hasinger}, G.},
        title = "{Absorption properties and evolution of active galactic nuclei}",
      journal = {\aap},
     keywords = {galaxies: quasars: general, galaxies: Seyfert, X-rays: galaxies - X-rays: diffuse background, Astrophysics},
         year = 2008,
        month = nov,
       volume = {490},
       number = {3},
        pages = {905-922},
          doi = {10.1051/0004-6361:200809839},
archivePrefix = {arXiv},
       eprint = {0808.0260},
 primaryClass = {astro-ph},
       adsurl = {https://ui.adsabs.harvard.edu/abs/2008A&A...490..905H},
      adsnote = {Provided by the SAO/NASA Astrophysics Data System}
}

@ARTICLE{2018MNRAS.473.2378V,
       author = {{Vito}, F. and {Brandt}, W.~N. and {Yang}, G. and {Gilli}, R. and {Luo}, B. and {Vignali}, C. and {Xue}, Y.~Q. and {Comastri}, A. and {Koekemoer}, A.~M. and {Lehmer}, B.~D. and {Liu}, T. and {Paolillo}, M. and {Ranalli}, P. and {Schneider}, D.~P. and {Shemmer}, O. and {Volonteri}, M. and {Wang}, J.},
        title = "{High-redshift AGN in the Chandra Deep Fields: the obscured fraction and space density of the sub-L$_{*}$ population}",
      journal = {\mnras},
     keywords = {methods: data analysis, surveys, galaxies: active, galaxies: evolution, galaxies: high-redshift, X-rays: galaxies, Astrophysics - Astrophysics of Galaxies},
         year = 2018,
        month = jan,
       volume = {473},
       number = {2},
        pages = {2378-2406},
          doi = {10.1093/mnras/stx2486},
archivePrefix = {arXiv},
       eprint = {1709.07892},
 primaryClass = {astro-ph.GA},
       adsurl = {https://ui.adsabs.harvard.edu/abs/2018MNRAS.473.2378V},
      adsnote = {Provided by the SAO/NASA Astrophysics Data System}
}
@ARTICLE{2020A&A...636A..73D,
       author = {{Duras}, F. and {Bongiorno}, A. and {Ricci}, F. and {Piconcelli}, E. and {Shankar}, F. and {Lusso}, E. and {Bianchi}, S. and {Fiore}, F. and {Maiolino}, R. and {Marconi}, A. and {Onori}, F. and {Sani}, E. and {Schneider}, R. and {Vignali}, C. and {La Franca}, F.},
        title = "{Universal bolometric corrections for active galactic nuclei over seven luminosity decades}",
      journal = {\aap},
     keywords = {black hole physics, galaxies: active, quasars: supermassive black holes, galaxies: evolution, galaxies: fundamental parameters, X-rays: galaxies, Astrophysics - Astrophysics of Galaxies},
         year = 2020,
        month = apr,
       volume = {636},
          eid = {A73},
        pages = {A73},
          doi = {10.1051/0004-6361/201936817},
archivePrefix = {arXiv},
       eprint = {2001.09984},
 primaryClass = {astro-ph.GA},
       adsurl = {https://ui.adsabs.harvard.edu/abs/2020A&A...636A..73D},
      adsnote = {Provided by the SAO/NASA Astrophysics Data System}
}



@ARTICLE{2018ApJ...869..150M,
       author = {{Matsuoka}, Yoshiki and {Strauss}, Michael A. and {Kashikawa}, Nobunari and {Onoue}, Masafusa and {Iwasawa}, Kazushi and {Tang}, Ji-Jia and {Lee}, Chien-Hsiu and {Imanishi}, Masatoshi and {Nagao}, Tohru and {Akiyama}, Masayuki and {Asami}, Naoko and {Bosch}, James and {Furusawa}, Hisanori and {Goto}, Tomotsugu and {Gunn}, James E. and {Harikane}, Yuichi and {Ikeda}, Hiroyuki and {Izumi}, Takuma and {Kawaguchi}, Toshihiro and {Kato}, Nanako and {Kikuta}, Satoshi and {Kohno}, Kotaro and {Komiyama}, Yutaka and {Lupton}, Robert H. and {Minezaki}, Takeo and {Miyazaki}, Satoshi and {Murayama}, Hitoshi and {Niida}, Mana and {Nishizawa}, Atsushi J. and {Noboriguchi}, Akatoki and {Oguri}, Masamune and {Ono}, Yoshiaki and {Ouchi}, Masami and {Price}, Paul A. and {Sameshima}, Hiroaki and {Schulze}, Andreas and {Shirakata}, Hikari and {Silverman}, John D. and {Sugiyama}, Naoshi and {Tait}, Philip J. and {Takada}, Masahiro and {Takata}, Tadafumi and {Tanaka}, Masayuki and {Toba}, Yoshiki and {Utsumi}, Yousuke and {Wang}, Shiang-Yu and {Yamashita}, Takuji},
        title = "{Subaru High-z  Exploration of Low-luminosity Quasars (SHELLQs). V. Quasar Luminosity Function and Contribution to Cosmic Reionization at z = 6}",
      journal = {\apj},
     keywords = {dark ages, reionization, first stars, galaxies: active, galaxies: high-redshift, intergalactic medium, quasars: general, quasars: supermassive black holes, Astrophysics - Astrophysics of Galaxies},
         year = 2018,
        month = dec,
       volume = {869},
       number = {2},
          eid = {150},
        pages = {150},
          doi = {10.3847/1538-4357/aaee7a},
archivePrefix = {arXiv},
       eprint = {1811.01963},
 primaryClass = {astro-ph.GA},
       adsurl = {https://ui.adsabs.harvard.edu/abs/2018ApJ...869..150M},
      adsnote = {Provided by the SAO/NASA Astrophysics Data System}
}



@ARTICLE{2019ApJ...873...35S,
       author = {{Shen}, Yue and {Wu}, Jin and {Jiang}, Linhua and {Ba{\~n}ados}, Eduardo and {Fan}, Xiaohui and {Ho}, Luis C. and {Riechers}, Dominik A. and {Strauss}, Michael A. and {Venemans}, Bram and {Vestergaard}, Marianne and {Walter}, Fabian and {Wang}, Feige and {Willott}, Chris and {Wu}, Xue-Bing and {Yang}, Jinyi},
        title = "{Gemini GNIRS Near-infrared Spectroscopy of 50 Quasars at z {\ensuremath{\gtrsim}} 5.7}",
      journal = {\apj},
     keywords = {black hole physics, galaxies: active, line: profiles, quasars: general, surveys, Astrophysics - Astrophysics of Galaxies, Astrophysics - Cosmology and Nongalactic Astrophysics},
         year = 2019,
        month = mar,
       volume = {873},
       number = {1},
          eid = {35},
        pages = {35},
          doi = {10.3847/1538-4357/ab03d9},
archivePrefix = {arXiv},
       eprint = {1809.05584},
 primaryClass = {astro-ph.GA},
       adsurl = {https://ui.adsabs.harvard.edu/abs/2019ApJ...873...35S},
      adsnote = {Provided by the SAO/NASA Astrophysics Data System}
}

@ARTICLE{2019ApJ...880...77O,
       author = {{Onoue}, Masafusa and {Kashikawa}, Nobunari and {Matsuoka}, Yoshiki and {Kato}, Nanako and {Izumi}, Takuma and {Nagao}, Tohru and {Strauss}, Michael A. and {Harikane}, Yuichi and {Imanishi}, Masatoshi and {Ito}, Kei and {Iwasawa}, Kazushi and {Kawaguchi}, Toshihiro and {Lee}, Chien-Hsiu and {Noboriguchi}, Akatoki and {Suh}, Hyewon and {Tanaka}, Masayuki and {Toba}, Yoshiki},
        title = "{Subaru High-z Exploration of Low-luminosity Quasars (SHELLQs). VI. Black Hole Mass Measurements of Six Quasars at 6.1 {\ensuremath{\leq}} z {\ensuremath{\leq}} 6.7}",
      journal = {\apj},
     keywords = {dark ages, reionization, first stars, quasars: general, quasars: supermassive black holes, Astrophysics - Astrophysics of Galaxies},
         year = 2019,
        month = aug,
       volume = {880},
       number = {2},
          eid = {77},
        pages = {77},
          doi = {10.3847/1538-4357/ab29e9},
archivePrefix = {arXiv},
       eprint = {1904.07278},
 primaryClass = {astro-ph.GA},
       adsurl = {https://ui.adsabs.harvard.edu/abs/2019ApJ...880...77O},
      adsnote = {Provided by the SAO/NASA Astrophysics Data System}
}


@ARTICLE{2021ApJ...907L...1W,
       author = {{Wang}, Feige and {Yang}, Jinyi and {Fan}, Xiaohui and {Hennawi}, Joseph F. and {Barth}, Aaron J. and {Banados}, Eduardo and {Bian}, Fuyan and {Boutsia}, Konstantina and {Connor}, Thomas and {Davies}, Frederick B. and {Decarli}, Roberto and {Eilers}, Anna-Christina and {Farina}, Emanuele Paolo and {Green}, Richard and {Jiang}, Linhua and {Li}, Jiang-Tao and {Mazzucchelli}, Chiara and {Nanni}, Riccardo and {Schindler}, Jan-Torge and {Venemans}, Bram and {Walter}, Fabian and {Wu}, Xue-Bing and {Yue}, Minghao},
        title = "{A Luminous Quasar at Redshift 7.642}",
      journal = {\apjl},
     keywords = {Supermassive black holes, Quasars, Broad-absorption line quasar, Early universe, 1663, 1319, 183, 435, Astrophysics - Astrophysics of Galaxies},
         year = 2021,
        month = jan,
       volume = {907},
       number = {1},
          eid = {L1},
        pages = {L1},
          doi = {10.3847/2041-8213/abd8c6},
archivePrefix = {arXiv},
       eprint = {2101.03179},
 primaryClass = {astro-ph.GA},
       adsurl = {https://ui.adsabs.harvard.edu/abs/2021ApJ...907L...1W},
      adsnote = {Provided by the SAO/NASA Astrophysics Data System}
}


@ARTICLE{2010AJ....140..546W,
       author = {{Willott}, Chris J. and {Albert}, Loic and {Arzoumanian}, Doris and {Bergeron}, Jacqueline and {Crampton}, David and {Delorme}, Philippe and {Hutchings}, John B. and {Omont}, Alain and {Reyl{\'e}}, C{\'e}line and {Schade}, David},
        title = "{Eddington-limited Accretion and the Black Hole Mass Function at Redshift 6}",
      journal = {\aj},
     keywords = {cosmology: observations, quasars: emission lines, quasars: general, Astrophysics - Cosmology and Nongalactic Astrophysics},
         year = 2010,
        month = aug,
       volume = {140},
       number = {2},
        pages = {546-560},
          doi = {10.1088/0004-6256/140/2/546},
archivePrefix = {arXiv},
       eprint = {1006.1342},
 primaryClass = {astro-ph.CO},
       adsurl = {https://ui.adsabs.harvard.edu/abs/2010AJ....140..546W},
      adsnote = {Provided by the SAO/NASA Astrophysics Data System}
}

@INPROCEEDINGS{2004cbhg.symp..169M,
       author = {{Martini}, Paul},
        title = "{QSO Lifetimes}",
     keywords = {Astrophysics},
    booktitle = {Coevolution of Black Holes and Galaxies},
         year = 2004,
       editor = {{Ho}, Luis C.},
        month = jan,
        pages = {169},
archivePrefix = {arXiv},
       eprint = {astro-ph/0304009},
 primaryClass = {astro-ph},
       adsurl = {https://ui.adsabs.harvard.edu/abs/2004cbhg.symp..169M},
      adsnote = {Provided by the SAO/NASA Astrophysics Data System}
}

